2138 3580
871 324 927 366 89

162 443 267 492 227.
291 474 295 479 ·
320 445 498 500 Θριασίῳ
530 442 604 498 ἥρῳ
636 443 701 487 ἐπὶ
734 445 891 496 βωμοῖς
927 444 992 498 ἱρὰ
1028 444 1230 496 καμόντες

314 523 422 582 ὅρκον
454 527 738 579 movebamus,
772 526 842 569 καὶ
875 526 921 577 ἢν
954 526 1020 568 ἐπὶ
1057 526 1223 580 πατρίδ’
1255 526 1466 579 ἵκεσθε,

313 608 483 652 παῦλάν
514 624 574 652 τοι
609 608 812 660 καμάτοιο
845 608 914 651 καὶ
950 608 1086 663 ἀνέρες
1119 609 1362 652 άντιπάλοιο

314 689 528 743 ἔσκετε,
562 690 843 744 θρησκεύοντες
876 689 940 733 ἀεὶ
975 689 1076 746 θεόν,
1111 688 1160 739 ὣς
1193 708 1239 734 σε
1273 690 1441 734 κελεύω.

103 772 267 816 Petivit
296 771 570 825 haeebeditor
601 786 652 815 ex
685 772 884 826 Ἀθηναίῳ
917 771 980 815 VI
1017 772 1117 824 151,
1149 773 1223 829 qui
1256 772 1364 816 liber
1395 774 1564 829 praesto
1591 772 1698 816 mihi

104 868 194 898 non
235 855 312 898 est.
362 853 444 898 Sed
486 853 692 910 quidquid
734 856 798 897 est
838 854 884 896 in
926 853 1067 911 lapide
1081 886 1091 906 ‚
1135 854 1311 897 dubium
1350 868 1439 897 non
1471 857 1559 907 est,
1591 855 1695 911 quin

105 935 291 987 ἵκησθε
322 939 366 979 et
395 932 551 988 ἕξετε
576 935 772 988 (fortasse
798 936 1004 992 scriptum
1037 937 1198 994 εκσετε)
1226 936 1314 979 sint
1340 951 1462 980 verae
1477 937 1694 980 lectiones.

105 1018 174 1062 Ad
214 1017 322 1061 illud
361 1019 476 1075 quod
517 1018 694 1074 attinet,
727 1018 773 1060 in
806 1018 980 1061 infimae
1012 1018 1164 1062 aetatis
1195 1018 1333 1061 titulis
1365 1018 1494 1061 etiam
1526 1018 1629 1061 alibi
1660 1025 1693 1062 E

105 1113 183 1156 pro
216 1105 252 1142 H
285 1099 491 1156 seriptum
521 1099 693 1144 offendi.

165 1256 268 1302 251.
315 1257 484 1301 Λάιον
516 1257 632 1310 ἀμφὶ
669 1258 885 1311 Δράκοντα
919 1259 1046 1302 πολύν
1079 1274 1179 1302 ποτε
1211 1259 1341 1302 λαὸν
1373 1259 1562 1308 ὀλέσσας.

102 1338 322 1383 Infelicem
354 1354 473 1383 suam
515 1339 805 1383 coniecturam
850 1340 987 1383 λάινον
1030 1341 1180 1384 melius
1222 1341 1460 1384 reticuisset
1498 1340 1695 1398 Cougny,

101 1424 146 1467 et
187 1424 374 1466 curasset
409 1437 465 1466 ne
496 1425 837 1479 corrumperetur
868 1423 1079 1479 scriptura
1110 1423 1272 1466 oraculi
1304 1423 1407 1476 255,
1442 1424 1516 1466 ubi
1548 1423 1696 1467 ἀλευό-

101 1521 241 1556 μενον
272 1504 407 1548 edidit
436 1518 513 1562 pro
546 1504 832 1555 α’λευάμενος.

164 1673 267 1718 259.
298 1673 447 1731 Longe
477 1674 628 1718 melius
659 1674 793 1717 edidit
822 1674 976 1718 Kaibel
1009 1675 1058 1717 n⁰
1094 1675 1231 1738 1036.-

102 1831 205 1886 261,
225 1834 266 1877 6.
317 1835 378 1883 Σὺ
410 1833 494 1886 γὰρ
529 1833 624 1884 ὑπὲρ
657 1832 806 1884 κόσμον
839 1850 885 1875 τε
920 1833 988 1875 καὶ
1024 1833 1183 1886 οὐρανὸν
1215 1832 1465 1886 ἀστερόεντα

310 1920 444 1970 χρυσῆ
477 1914 709 1968 ὑπέρκειται
743 1918 879 1964 πολλὴ
913 1913 1065 1964 αἰώνιος
1099 1916 1233 1967 άλκή,

309 1994 333 2047 ἦ
345 2014 364 2046 ς
398 1997 671 2052 ὑπερῃώρησαι
705 1997 835 2050 ὀρίνων
868 1998 975 2047 Φωτὶ
1010 1998 1195 2041 σεαυτόν.

96 2079 324 2123 Manifeste
379 2080 678 2136 corrigendum
735 2077 758 2133 ᾖ
810 2079 878 2122 vel
937 2077 961 2133 ᾗ
1006 2079 1052 2130 γ’
1102 2079 1401 2133 ὑπερηώρησαι,
1457 2080 1546 2123 soll.
1595 2080 1692 2134 ὑπὲρ

98 2161 247 2214 κόσμον
281 2161 367 2206 κτὲ.

161 2316 262 2365 262.
311 2322 386 2371 Μή
418 2338 456 2364 τι
491 2322 669 2376 πελώρια
702 2321 833 2375 μέτρα
867 2322 970 2374 γύης
1007 2323 1083 2365 ὑπὸ
1118 2322 1190 2370 σὺν
1224 2321 1354 2375 Φρένα
1389 2321 1569 2378 βάλλου,

312 2403 416 2456 μηδὲ
448 2403 584 2458 μέτρει
617 2404 792 2458 μέτρῳ
827 2405 962 2454 ἠελίου
996 2403 1167 2450 κανόνας
1201 2405 1486 2456 συναθροίσας·

311 2486 441 2530 ἀιδίου
473 2486 605 2541 βουλῇ
637 2485 809 2540 φέρεται
839 2487 1015 2539 πατρός,
1049 2487 1128 2539 οὑχ
1159 2483 1291 2529 ἕνεκεν
1322 2489 1417 2529 σοῦ·

310 2569 490 2621 άστέριον
521 2569 791 2623 προπόλευμα
824 2568 934 2611 σέθεν
965 2569 1090 2623 χάριν
1123 2570 1192 2612 οὐκ
1225 2569 1439 2622 ἐλοχεύθη.

96 2649 326 2693 Dehortari
367 2650 533 2694 videtur
576 2651 795 2694 oraculum
837 2651 891 2693 ab
935 2665 1063 2707 opera
1105 2651 1305 2693 navanda
1347 2650 1604 2707 geometriae
1653 2652 1696 2692 et

95 2732 402 2784 astronomiae,
447 2734 518 2775 sed
562 2747 620 2775 vs.
658 2732 684 2774 2
726 2747 813 2775 non
855 2733 991 2789 magis
1034 2732 1239 2789 intellego
1283 2747 1411 2788 quam
1454 2732 1690 2775 versionem

94 2812 292 2856 Latinam
331 2828 496 2870 »neque
528 2815 676 2857 metire
708 2829 907 2857 mensura
938 2815 1038 2858 solis
1070 2815 1240 2871 regulas
1272 2814 1515 2857 oolleetas.”
1548 2813 1689 2857 Facile

101 2909 200 2938 vero
230 2894 505 2952 intellegam:

311 2977 415 3029 μηδὲ
445 2977 584 3032 μέτρει
618 2977 815 3032 μέτρον
848 2978 1007 3030 ἠελίου,
1041 2977 1212 3027 κανόνας
1247 2977 1522 3031 συναθροίσας.
