2138 3580
896 322 954 364 83

131 457 209 501 pro
261 443 395 498 τρίτου
444 443 581 498 φωτός
597 475 607 495 ,
656 445 707 486 ut
754 443 871 486 facili
920 457 1060 485 errore
1107 442 1288 485 seribere
1336 442 1479 498 potuit
1523 442 1722 485 librarius

130 528 306 583 propter
336 541 504 570 versum
536 527 887 583 praecedentem:

343 609 545 661 πρώτου
574 609 746 660 Φοέους
781 608 831 650 ὢν
864 606 1044 656 δεύτερον
1077 610 1175 649 θεῖον
1207 607 1348 653 σέλας.

195 689 256 733 At
295 704 419 747 saepe
458 690 503 732 in
547 689 649 732 seris
691 689 757 731 his
800 689 989 744 reliquiis
1020 687 1281 744 Byzantinis
1304 687 1498 731 similiter
1531 687 1723 743 ambigas

131 770 424 827 cautelamque
469 772 651 814 suadent
698 770 801 827 loci,
847 765 985 826 qualis
1028 772 1093 812 est
1135 785 1174 812 v.
1203 784 1241 813 e.
1274 784 1365 826 cap.
1400 769 1439 811 V
1472 784 1536 825 ep.
1572 768 1644 824 54,
1676 769 1724 810 in

131 867 217 909 quo
247 852 344 895 vide
374 867 437 896 vs,
470 853 512 909 3,
530 851 556 894 5
574 867 638 908 sq.
671 854 715 894 et
752 852 821 896 17.

762 1170 832 1215 An
862 1186 996 1215 cuum
1028 1170 1081 1214 V.

190 1297 231 1342 6.
339 1296 479 1340 Τίπτε
511 1295 783 1350 δεδάκρυσαι,
816 1296 919 1349 φίλε
953 1295 1168 1348 Σώκρατες
1180 1308 1190 1346 ;
1225 1291 1248 1343 ἦ
1281 1293 1320 1336 σ’
1349 1295 1536 1336 ἀνακινεῖ

304 1377 513 1430 ,στέρνοις
546 1377 708 1420 ἐνναίων
740 1382 1010 1424 σκαπτοΐς
1045 1376 1141 1433 (sic)
1174 1374 1357 1427 πόθος,
1391 1374 1592 1426 &pomata-⁹

341 1459 486 1507 παιδὸς
519 1460 708 1509 ἀνικήτου
742 1459 853 1512 κτὲ.;
1448 1457 1721 1515 [ἐλασθεὶς

128 1543 325 1586 Annotat
371 1539 554 1598 Cougny
599 1556 691 1584 urs.
739 1541 761 1583 1
809 1541 940 1596 vulgo
984 1539 1167 1591 ὄμμασιν
1210 1539 1418 1589 ἐλασθεὶς,
1455 1538 1723 1582 claudicante

130 1626 320 1671 ›metroz
371 1623 560 1672 correxiz
607 1623 787 1666 fortasse
838 1622 1065 1678 legendum
1127 1621 1383 1668 θλασθεὶς
1403 1655 1413 1673 ,
1473 1620 1722 1664 sauciatus.”

129 1705 255 1749 Unde
298 1705 474 1748 tandem
517 1704 622 1747 haec
662 1704 875 1761 arripuit?
907 1703 1053 1746 Habet
1083 1703 1196 1745 enim
1229 1705 1318 1745 tam
1351 1702 1721 1759 Schweighafiseri

130 1801 258 1844 quam
299 1785 470 1829 Kaibeli
509 1785 640 1828 editio
682 1785 895 1828 Athenaei
927 1784 985 1838 (V
1018 1785 1105 1827 219
1124 1784 1178 1841 E)
1210 1799 1232 1826 e
1265 1784 1402 1834 codd„
1439 1786 1487 1826 ut
1520 1784 1720 1836 arbitror,

129 1867 369 1917 σκηπτὸς
417 1867 534 1914 πόθος
580 1870 623 1909 et
663 1866 874 1917 ὄμμασι
918 1867 1224 1918 θραυσθείς,
1269 1880 1347 1922 pro
1380 1879 1464 1922 quo
1497 1865 1722 1921 Emperius

128 1948 310 1993 coniecit
353 1948 514 2000 ὄμμασι
563 1949 776 2000 πρησθείς,
819 1948 1010 1991 defendit
1051 1962 1148 1990 vero
1194 1947 1391 1990 Meineke
1431 1948 1594 1990 dictum
1627 1948 1719 1991 scil.

128 2045 205 2089 pro
248 2031 519 2084 θραυσθέντα,
554 2032 764 2074 oculorum
796 2032 1008 2089 splendore
1039 2032 1299 2074 vulneratum
1316 2063 1325 2081 ‚
1359 2045 1486 2086 quam
1519 2029 1722 2073 anacolu-

128 2113 263 2157 thiam
293 2113 525 2156 illustravit
555 2113 602 2155 in
634 2113 773 2157 Praef.
808 2114 861 2156 ad
894 2112 1013 2157 Gom.
1047 2113 1110 2155 IV
1142 2129 1183 2169 p.
1223 2114 1291 2155 10.
1337 2112 1381 2156 Si
1414 2113 1516 2168 quid
1549 2114 1721 2155 mutan-

128 2195 228 2238 dum
243 2227 255 2247 ‚
286 2195 425 2238 conici
455 2195 638 2252 poterit:

464 2263 469 2269 ’
1174 2274 1198 2326 ἦ
1230 2278 1267 2318 σ”
1299 2277 1485 2319 ἀνακινεῖ

249 2358 422 2411 στέρνοις
466 2358 628 2401 ἐνναίων
670 2359 911 2409 σκηπτὸς
945 2358 1102 2401 πόθου
1134 2358 1249 2415 (eum
1279 2357 1491 2415 Iacobsio)
1523 2357 1722 2408 ὅμμασ’

250 2439 394 2488 παιδὸς
422 2440 625 2490 ἀνικήτου.
1418 2440 1722 2494 [ἐναυσθεὶς

191 2566 322 2620 18,2.
462 2599 593 2612 .....
628 2567 785 2611 Φαίδων
819 2568 876 2617 δὴ
909 2568 1085 2621 φύκια
1118 2568 1157 2608 τ’
1191 2568 1390 2610 αἰνείει
1426 2568 1515 2610 καὶ

340 2649 494 2702 Χορδοὶς
528 2650 546 2692 ὅ
578 2649 775 2703 ψάλτης·
810 2647 898 2691 ἔστι
930 2650 1013 2701 γὰρ
1047 2648 1281 2703 ὀψοφάγος.

126 2730 219 2788 Ita,
253 2731 290 2774 ei
321 2729 386 2773 dis
417 2730 636 2787 Musisque
667 2731 828 2787 placet,
865 2729 1046 2787 Cougny
1077 2731 1124 2772 in
1157 2730 1238 2773 hoe
1269 2728 1446 2773 Hnnm
1479 2730 1724 2787 fragmento

129 2813 312 2856 correxit
342 2813 466 2856 codd.
499 2812 712 2855 Athenaei
744 2812 873 2855 verba
916 2813 1073 2855 Φαίδων
1115 2811 1167 2854 δὲ
1211 2813 1392 2865 φύκει’
1440 2813 1590 2855 αἰνεῖ
1634 2813 1724 2854 καὶ

129 2895 233 2947 τοτὲ,
273 2894 374 2938 licet
414 2895 583 2937 noverit
625 2894 841 2951 egregiam
883 2893 1067 2937 Iacobsii
1113 2894 1454 2937 emendationem
1489 2895 1723 2946 ἐνεῖκαι,

130 2989 215 3032 qua
243 2978 416 3032 recepta
448 2975 600 3018 Kaibel
631 2975 787 3019 edidit:

343 3057 502 3100 Φαίδων
533 3056 574 3100 δὲ
610 3089 832 3102 ........
865 3057 1052 3111 Φύσκι“
1087 3059 1293 3100 ἐνεῖκαι
1326 3059 1411 3101 κτὲ.
