2138 3580
0 0 19 538 Ι,

0 572 7 623 ξ·

0 626 7 791 i

0 882 2 931 ἔ

0 956 2 987 ι

873 296 958 339 129

300 425 427 483 Σῆμα
460 420 542 464 τόδ’
578 420 755 478 ἐνγ[ὺ1]ς
790 421 878 462 ὁδοῦ
954 426 1003 472 φι
1025 452 1034 462 .
1054 452 1064 462 .
1085 422 1108 480 ,Ι
1116 452 1308 464 .......
1341 422 1431 477 om}
1438 452 1586 472 ......

297 495 339 550 ὃς
373 502 435 563 Oa}
443 533 611 546 ......
645 499 820 555 πότμοςΙ
825 533 1017 546 .......
1037 512 1094 544 λι.

174 581 344 639 Septem
389 585 492 626 sunt
533 597 681 626 versus
724 582 899 640 (lineae)
941 583 1062 626 denis
1095 586 1171 626 aut
1202 583 1409 635 undeniS‚
1443 586 1492 626 ut
1523 584 1716 636 videtur,

115 664 363 706 constantes
393 663 562 708 litteris.

173 743 228 786 In
266 743 409 800 priore
445 758 571 787 versu
618 744 787 787 litterae
830 747 881 797 Φι
926 745 1098 787 initium
1131 745 1269 788 faeere
1300 745 1502 787 videntur
1532 746 1717 788 nominis

113 823 328 880 defuncti,
371 825 490 867 velut
534 824 767 876 Φιλοκύδεϊ,
812 826 979 869 litterae
1017 826 1094 877 θεμ
1127 827 1292 882 partem
1324 825 1488 868 Aoristi
1519 826 1566 869 II
1597 826 1717 869 verbi

110 905 314 962 simplicis
354 907 430 948 aut
472 906 698 962 compositi
739 907 889 950 τιθέναι
933 907 1140 964 (Aban),
1183 908 1230 949 in
1273 907 1407 950 altero
1442 908 1493 950 θοι
1527 908 1716 964 suppleri

109 989 253 1043 potest
278 986 365 1030 adv·
397 987 464 1030 vel
497 985 625 1044 θάνεν,
662 990 706 1030 et
736 999 778 1031 λι
812 989 866 1031 ad
899 989 1218 1032 substantivum
1251 989 1372 1036 πόλις
1404 990 1619 1045 pertinere
1650 989 1715 1032 vi-

111 1069 248 1111 detur.
297 1068 378 1112 Sed
426 1070 565 1111 totum
617 1069 832 1112 distichon
876 1070 979 1112 satis
1022 1069 1303 1126 probabiliter
1346 1070 1515 1126 explere
1557 1071 1716 1113 frustra

107 1151 286 1192 conatus
326 1164 444 1202 sum,
479 1150 728 1206 praesertim
762 1151 797 1193 si
829 1151 938 1207 lapis
971 1165 1117 1194 revera
1149 1157 1403 1194 ΠΟΤΜΟΣ
1435 1151 1588 1204 habet,
1622 1166 1712 1195 non

108 1237 409 1283 HOAEMOI,
441 1231 504 1274 ita
535 1231 651 1274 enim
684 1232 813 1275 scribi
843 1235 989 1289 posset
1020 1230 1060 1280 ὃς
1094 1233 1210 1284 θάνεν
1244 1233 1283 1275 ἐν
1310 1232 1493 1287 πολέμῳ.

789 1313 1036 1357 LXXXVI.

169 1395 293 1447 Ἀρχ.
327 1393 441 1438 δελτ.
475 1409 532 1437 m.
564 1393 668 1438 Jun.
703 1409 739 1436 a.
777 1394 918 1449 1890,
953 1408 1053 1451 pag.
1091 1395 1162 1438 88.
1197 1394 1279 1437 »In
1314 1395 1574 1438 destruenda
1607 1396 1709 1439 aede

107 1490 258 1519 >saera
287 1475 466 1519 Turciea
496 1476 537 1520 d.
571 1476 629 1519 29
662 1491 718 1519 m.
754 1475 854 1518 Mai.
899 1478 1093 1532 repertae
1124 1478 1227 1519 sunt
1258 1479 1340 1519 duo
1378 1479 1522 1532 postes
1557 1478 1711 1521 ianuae

109 1557 328 1600 »lateralis
342 1590 353 1609 ‚
395 1557 552 1613 quibus
593 1558 827 1614 inscriptae
860 1559 963 1600 sunt
993 1558 1163 1601 litterae
1195 1559 1348 1601 aetatis
1379 1557 1613 1602 Romanae.
1657 1560 1711 1602 In

109 1637 293 1682 »horum
326 1638 461 1682 altero
491 1639 673 1696 legitur:

349 1719 546 1772 τέτρατον
579 1720 752 1772 αὕξηθεν
784 1720 958 1764 Ἀετέων
989 1720 1130 1775 χρόνον
1163 1723 1181 1764 0‘
1214 1727 1340 1773 ποεῖς,

106 1801 182 1844 »in
231 1801 426 1859 alterius,
475 1802 550 1858 qui
597 1804 689 1845 erat
740 1803 856 1859 paris
910 1803 1222 1858 magnitudinis
1277 1805 1413 1860 (long.
1461 1804 1589 1861 1‚57,
1632 1806 1707 1849 lat.

101 1883 260 1935 ›1‚16;
290 1897 396 1928 eras.
415 1883 551 1938 0‚l7),
579 1885 653 1926 sed
680 1898 776 1927 eum
801 1884 932 1926 ianua
963 1884 1240 1927 demoliretur
1265 1884 1427 1928 fractus
1455 1888 1543 1938 est,
1572 1886 1707 1930 frusto

103 1964 292 2007 »maiore
326 1965 470 2020 (1‚10)
501 1964 582 2008 hae
614 1965 782 2008 litterae
815 1965 948 2023 (κατὰ
980 1967 1025 2009 τὸ
1062 1964 1187 2017 ἥμισυ
1219 1967 1589 2024 ἀποκεκομμένοι);

345 2045 514 2095 Ἱππ-ἴοις
548 2063 598 2090 οιν
635 2046 836 2101 Διομοὶχη
872 2045 992 2090 ὕπνον
1028 2046 1248 2105 Ἀνδρ(ρο’),

101 2127 177 2170 »in
209 2127 375 2180 minore
406 2142 529 2172 vero:
1049 2145 1206 2183 μοιχον.

100 2207 326 2266 »Apparet
367 2211 512 2252 autem
553 2209 658 2252 haee
699 2209 944 2265 fragmenta
985 2225 1074 2253 esse
1117 2210 1271 2267 lapidis
1314 2212 1586 2268 sepulcralis,
1621 2228 1707 2270 quo

99 2289 302 2334 »conciso
330 2304 484 2347 operae
514 2291 630 2334 aedis
662 2291 727 2333 usi
759 2291 847 2333 sint
878 2291 932 2334 ad
964 2291 1138 2334 ianuam
1172 2294 1546 2338 construendam.”

161 2371 388 2416 Meti-icam
437 2372 567 2416 fuisse
619 2372 946 2428 inscriptionem
1000 2373 1146 2416 statim
1191 2374 1315 2417 docet
1357 2374 1497 2418 forma
1538 2377 1707 2432 poetica

99 2452 320 2508 τέτρατον,
368 2469 447 2497 nee
491 2456 637 2498 tamen
669 2454 822 2511 prioris
855 2455 1090 2511 fragmenti
1121 2471 1321 2499 numeros
1352 2457 1575 2501 restituere
1606 2473 1705 2514 pos-

99 2549 208 2580 sum.
250 2535 364 2579 Male
407 2537 550 2579 autem
592 2536 750 2579 lectum
794 2551 884 2579 esse
926 2539 1104 2592 apparet
1146 2537 1275 2580 etiam
1317 2553 1368 2580 ex
1410 2538 1584 2581 nomine
1615 2554 1706 2582 non

98 2613 260 2659 Graeco
293 2615 470 2660 Ἀετέων
502 2631 579 2674 pro
614 2618 807 2670 Ἀετίων,
841 2618 957 2673 quod
990 2621 1136 2660 tamen
1169 2633 1271 2662 cave
1306 2619 1557 2662 substituas.
1591 2619 1705 2663 Nam

99 2697 274 2753 proprio
315 2697 483 2740 nomini
526 2697 597 2740 hic
639 2699 758 2741 locus
800 2713 889 2740 non
923 2701 1009 2750 est,
1044 2699 1115 2741 sed
1149 2699 1220 2742 vix
1256 2700 1409 2742 dubito
1443 2701 1547 2757 quin
1578 2700 1708 2744 fuerit

99 2777 260 2820 ἐτέων
293 2777 433 2832 χρόνον
465 2779 538 2835 (ef.
572 2778 743 2822 Kaibeli
775 2778 856 2835 Ep.
891 2779 994 2831 457,
1030 2781 1070 2824 6.
1106 2780 1207 2832 586,
1244 2782 1312 2838 3),
1350 2782 1451 2825 lieet
1484 2782 1615 2825 verba
1647 2783 1708 2826 sie

96 2859 295 2903 restituta
338 2859 534 2912 τέτρατον
578 2860 827 2917 αὐξηθέν[τ’]
876 2861 996 2904 ἐτέων
1041 2861 1180 2915 χρόνον
1224 2877 1314 2905 non
1358 2863 1608 2920 intellegere
1639 2879 1707 2907 me

97 2939 234 2984 fatear
264 2943 309 2984 et
338 2955 512 2998 prorsus
542 2942 765 2998 ignorem,
798 2942 901 2998 quid
933 2942 1089 2986 faciam
1122 2945 1318 3000 sequenti
1344 2944 1488 2987 iambo
1518 2952 1705 2990 OnAIC.

98 3021 240 3072 Quare
272 3022 425 3066 melius
457 3025 774 3080 expectandum
807 3027 872 3067 est
904 3025 1218 3082 apographum.

1493 3108 1513 3142 9
