2138 3580
907 349 958 390 17

193 471 307 528 263,
340 471 399 515 23
433 486 524 528 sqq.
561 471 683 515 Nove
713 471 874 513 dictum
904 473 969 513 est
996 469 1099 520 μηδέ
1128 486 1188 517 τις
1212 495 1262 501 -
1284 471 1321 516 ἐς
1343 468 1480 512 ἄλσεα
1498 469 1660 524 δένδρων
1679 496 1733 502 -

130 551 261 606 §sigen
303 551 528 603 μάκελλαν
562 553 820 610 impinyendi
848 565 997 602 sensu,
1032 551 1102 593 vix
1138 552 1283 593 tamen
1317 549 1503 606 [π]ήξειε
1537 551 1734 593 conicere

133 647 284 677 auslm.

132 769 236 823 278,
270 770 311 813 5.
343 769 476 824 ταύτῃ
508 769 578 812 καὶ
613 769 728 821 γένος
763 768 928 823 ἔσχες
963 770 1191 822 ἐτήτυμον,
1228 769 1481 821 Ἡράκλεια,

323 850 619 904 ·“Ηρακλέους,
654 851 828 903 Φοίβου,
863 852 958 904 πρὸς
993 851 1034 894 δέ
1068 852 1107 892 τ’
1143 852 1234 907 [ἀπ’
1272 850 1538 907 Ἰα]μ,[ι]δῶν.

124 933 290 987 Ἔσχες
334 933 488 976 vitiosa
529 932 790 988 aspiratione
821 934 1041 974 exaratum
1075 947 1163 974 esse
1194 946 1272 988 pro
1306 931 1461 978 ἔσκες
1496 931 1736 973 statuebam

129 1013 289 1057 Mnem.
335 1013 477 1065 1882,
520 1013 606 1055 395
639 1015 683 1055 et
714 1027 831 1055 nunc
863 1016 1020 1055 statuo.
1060 1037 1112 1045 —-
1149 1013 1224 1057 Vs.
1262 1013 1287 1055 6
1321 1013 1380 1055 sic
1415 1012 1572 1055 rectius
1605 1026 1735 1068 quam

127 1093 310 1152 cougny
355 1094 570 1151 supplevit
601 1094 754 1137 Kaibel
787 1110 830 1150 p.
869 1095 955 1137 360
990 1109 1052 1150 sq.
1088 1094 1206 1137 Duos
1241 1108 1320 1137 vss.
1355 1108 1447 1150 sqq.
1483 1093 1542 1136 sic
1573 1093 1732 1136 ibidem

130 1176 379 1220 tentabam:

345 1255 387 1302 οἷ’
410 1274 457 1301 σε
489 1258 558 1301 καὶ
595 1258 813 1315 [Ἃρπυῖαι
849 1254 926 1313 ὅτ’]
962 1258 1284 1314 οξνηρείψα[ντο,
1319 1258 1495 1300 καθῖσαν

341 1339 745 1396 αὖτοκασιγῇήτην]
783 1340 902 1381 θοῖκον
938 1339 976 1385 ἐς
1014 1339 1340 1396 [οὶ]θ[α]ν[ατον.

129 1477 231 1529 301,
263 1476 305 1519 4.
339 1475 399 1527 ἧδ’
433 1473 493 1519 ὅτι
528 1475 696 1520 λα’ίνέων
734 1476 919 1519 δαπέδων
953 1476 1130 1528 κρηπῖδα
1164 1492 1220 1519 το
1232 1476 1396 1529 ρήσας

340 1556 482 1608 τεῦξεν
513 1557 771 1609 Ἐλευθερίης
808 1557 1020 1604 ἐνναέταις
1055 1557 1238 1608 τέμενος.

125 1637 195 1681 lta
236 1638 345 1695 lapis
375 1638 532 1681 habere
564 1639 772 1691 traditur,
809 1654 946 1695 neque
979 1639 1104 1681 aliter
1137 1639 1272 1681 edidit
1305 1639 1484 1690 Kaibel‚
1518 1638 1592 1694 qui
1625 1638 1734 1680 nihil

127 1722 324 1763 annotat.
371 1719 427 1762 In
474 1720 603 1763 verbo
651 1721 726 1777 qui
773 1720 911 1763 haesit
958 1719 1140 1776 Cougny
1193 1723 1343 1763 contra
1387 1722 1572 1763 metrum
1616 1719 1734 1762 dedit

127 1801 379 1854 πορίσας,
423 1815 519 1843 cum
565 1801 738 1844 deberet
780 1801 932 1844 saltem
967 1803 1237 1854 πορίσσας
1271 1802 1468 1844 scribere.
1507 1801 1734 1857 Proprium

127 1882 243 1938 quod
274 1883 523 1938 expectatur
556 1882 734 1925 verbum
766 1884 831 1925 est
863 1882 1117 1935 στορεννύναι
1136 1916 1146 1933 ,
1183 1885 1232 1924 ut
1266 1883 1378 1934 327,
1415 1883 1465 1934 7,
1501 1883 1576 1924 ubi
1607 1883 1734 1939 lego:

344 1965 397 2007 Οἱ
431 1963 467 2005 δ’
501 1947 617 2007 αὐτοὶ
653 1962 826 2007 δάπεδον
862 1970 1025 2011 πυκνοῖς
1060 1964 1258 2018 στόρεσαν
1294 1969 1331 2007 τ’
1366 1965 1537 2007 οὖδοῖσιν
1570 1965 1672 2020 κτὲ.,

127 2044 201 2088 sed
233 2059 330 2088 cum
363 2043 628 2097 στορέσας
663 2046 799 2087 metro
835 2059 922 2087 non
954 2046 1204 2097 conveniat,
1239 2061 1318 2089 nec
1351 2047 1599 2100 στρώσας
1631 2060 1734 2103 pro-

127 2125 270 2169 babile
311 2125 388 2182 sit,
433 2126 576 2169 nescio
619 2141 675 2168 an
719 2127 958 2180 [π]ο[ι]η’σας
992 2127 1048 2170 sit
1080 2142 1181 2170 vera
1213 2127 1353 2172 lectio.
1390 2127 1551 2170 Dubito
1585 2128 1735 2170 saltem

124 2207 322 2261 τορῆσας,
354 2210 470 2264 quod
502 2222 591 2251 non
624 2208 857 2264 intellego,
892 2211 1007 2251 recte
1044 2224 1066 2251 e
1098 2209 1239 2265 lapide
1275 2210 1534 2266 descriptum
1567 2224 1669 2253 esse.

191 2345 292 2391 324.
338 2345 490 2389 Εἶκόνα
524 2346 633 2396 τήνδ’
667 2346 848 2398 &caiam-
884 2346 1061 2389 πέλεται
1097 2346 1137 2388 δὲ
1171 2349 1242 2388 τοῦ
1277 2346 1407 2397 ἁγνοῦ
1444 2346 1634 2401 ὑπάρχου

402 2428 442 2475 ἐς
476 2431 636 2480 Κρητῶν
670 2428 813 2478 πόλιν,
850 2421 894 2476 ἣν
925 2432 1070 2479 μοῦνος
1105 2426 1229 2476 ἔθηκα
1263 2428 1366 2477 νέην.

342 2510 592 2563 ’Λγχίθυρος
625 2509 658 2551 δ’
695 2506 854 2559 ἕστηκα
885 2510 1013 2559 Δίκης
1050 2510 1210 2558 πέλας·
1244 2510 1328 2560 εἰμὶ
1366 2510 1533 2559 Δίκης
1570 2510 1654 2564 γὰρ

406 2591 520 2640 ἤπιος
555 2591 765 2644 ἶθυδίκοις,
798 2597 882 2640 τοῖς
917 2592 951 2633 δ’
985 2591 1158 2634 ἀδίκοισι
1193 2591 1292 2639 δέος.

126 2671 212 2715 Pro
255 2672 390 2715 altero
433 2677 607 2716 ΔΙΚΗΣ
654 2672 797 2715 Boeck
841 2673 1023 2716 coniecit
1062 2673 1225 2725 κρίτης,
1270 2673 1399 2729 idque
1444 2687 1532 2715 non
1571 2673 1736 2716 monito

127 2752 287 2796 lectore
316 2753 476 2809 recepit
508 2753 672 2796 Kaibel.
706 2753 808 2796 Non
842 2756 979 2809 recte,
1014 2757 1063 2797 ut
1095 2754 1199 2796 mihi
1227 2755 1397 2810 quidem
1426 2755 1614 2806 videtur,
1637 2755 1739 2811 quia

130 2834 266 2880 πέλας
307 2834 368 2877 sic
408 2834 596 2890 positum
639 2835 761 2877 iuxta
804 2836 1029 2888 ἀγχίθυρος
1070 2836 1214 2892 inepte
1255 2836 1460 2880 abundat.
1494 2836 1648 2880 Nescio
1682 2852 1739 2879 an

131 2914 269 2958 malus
310 2918 438 2971 poeta
480 2930 613 2972 pravo
657 2916 827 2972 quidem
861 2917 1041 2960 fortasse
1074 2917 1267 2960 acumine
1305 2932 1428 2969 usus,
1464 2918 1533 2960 sed
1568 2918 1622 2960 ab
1655 2919 1739 2962 isto

132 3010 235 3040 aevo
287 3000 369 3051 (est
410 2997 523 3040 enim
567 2998 904 3040 recentissimum
952 2999 1233 3054 epigramma)
1280 2999 1527 3055 neutiquam
1571 3000 1739 3052 alieno,

131 3077 264 3121 verba
293 3078 340 3120 in
373 3078 489 3121 hunc
521 3079 695 3122 modum
729 3079 1005 3123 distinxerit:

1525 3163 1545 3194 2
