2138 3580
947 311 1002 354 37

172 453 229 488 με
260 437 333 486 τὴν
361 435 511 490 τέχνην
539 435 694 485 ταύτην
726 431 819 477 ἶσοι
853 433 1145 486 γενέτῃσιν
1178 434 1344 483 ἐμοῖο-ιν.
1363 432 1522 475 Parum
1539 431 1767 487 diligenter

173 516 357 575 cougny
386 524 581 573 ΤΙΜΑΙ,
615 517 729 574 quod
760 516 945 559 traditur
973 531 994 559 e
1021 516 1183 572 lapide,
1199 516 1261 557 ita
1277 514 1628 570 repraesentavit,
1648 513 1768 569 quasi

170 600 382 644 editorum
414 601 471 644 sit
502 599 857 656 supplementum.

172 736 273 782 325.
353 738 423 780 καὶ
455 739 502 781 τὸ
534 737 624 791 πρὶν
655 738 695 780 ἔν
727 736 922 787 πολέμοις
955 741 1122 788 τηρῶν
1153 735 1334 789 πύργον,
1372 733 1574 787 παροδῖτοι
1593 765 1604 785 ,

353 819 421 862 καὶ
455 821 523 861 νῦν
554 820 734 874 τηρήσω,
768 819 819 864 ὡς
851 818 1046 869 δύναμαι,
1081 817 1192 864 νέκυς
1227 817 1289 860 ὤν.

171 900 218 944 Si
258 903 371 944 recte
413 900 621 943 traditum
663 902 727 943 est
771 905 976 942 ΤΗΡΩΝ
993 933 1002 949 ,
1053 899 1324 955 participium
1356 899 1421 940 est
1450 895 1686 952 imperfecti
1718 907 1766 931 Ξ

172 979 214 1028 ὃς
243 981 423 1036 ἐτήρουν,
457 982 530 1024 sed
562 981 644 1024 loci
677 983 891 1024 structura
924 981 1010 1034 (καὶ
1045 982 1090 1023 τὸ
1125 980 1288 1032 πρὶν-
1308 980 1377 1021 καὶ
1412 980 1498 1035 νῦν)
1529 977 1767 1034 permittit,

172 1066 222 1107 ut
251 1077 398 1107 verum
431 1077 520 1106 esse
550 1063 686 1119 possit
716 1063 1018 1119 THP[OT]N,
1050 1062 1077 1104 i.
1097 1077 1130 1104 e.
1165 1062 1366 1113 τήρουν.

171 1201 272 1252 333,
290 1198 440 1250 2.ϊἦν
474 1202 658 1255 ψυχὴν
690 1200 952 1252 μεγάλως
986 1199 1114 1243 καλόν
1146 1199 1184 1242 τ’
1221 1197 1385 1247 {no-sq.

170 1282 368 1326 Absurde
400 1282 533 1325 edidit
565 1282 758 1339 Cougny.
792 1282 966 1325 Rectius
999 1282 1150 1325 Kaibel
1183 1282 1236 1324 ad
1270 1280 1474 1324 Boeekhii
1507 1281 1714 1323 mentem:

351 1369 403 1418 τῇ
436 1366 558 1418 ψυχῇ
591 1364 852 1421 με[τ]οι[δὸ]ς
887 1368 1022 1406 καλῶν
1054 1369 1316 1406 ΤΕΧΘΕΙΟ.

170 1445 354 1503 Reliqua
386 1446 423 1489 si
453 1446 562 1489 bene
593 1449 783 1490 correcta
815 1449 941 1498 sunt,
977 1446 1163 1489 conicio:
1199 1450 1335 1488 καλῶν
1367 1445 1594 1501 τεχ[νῶν
1628 1449 1703 1497 σῇ.

167 1573 270 1616 334.
352 1573 573 1627 Ἡρποὶχθη
602 1573 787 1626 Μεγάρα
820 1573 993 1625 Μάρκου
1012 1589 1022 1599 ·
1057 1571 1168 1616 αἰεὶ
1201 1573 1242 1616 δὲ
1275 1577 1491 1626 προσεῖπεν

351 1654 537 1708 κουρίδιον
553 1656 746 1708 γαμετήν
766 1656 810 1709 (l.
829 1655 1055 1709 γαμέτην),
1074 1657 1238 1713 [ἢῶμος
1256 1656 1378 1709 φίλον
1392 1689 1403 1704 ,
1433 1656 1540 1708 φθοι
1554 1654 1648 1706 μέν
1663 1671 1699 1704 n.

263 1793 269 1798 .
350 1736 596 1790 Ἡρποὶχθη,
629 1737 786 1789 δαίμων
818 1738 859 1780 δὲ
892 1743 1035 1789 πικρῆς
1069 1739 1112 1781 οὔ
1145 1739 1290 1787 λήθετο
1323 1739 1483 1791 μοίρης,

350 1816 467 1870 ἅμα
499 1819 568 1861 καὶ
603 1819 641 1861 ἐν
672 1818 870 1871 μεγάροις
905 1818 992 1862 υἱέοι
1024 1818 1265 1871 λειπόμενον

343 1901 514 1955 Ῥοῦφον
547 1900 664 1954 ἄφνω
698 1900 875 1957 ἥρπαξε,
910 1901 1056 1953 δόμους
1091 1902 1124 1945 δ’
1162 1900 1334 1959 [ἔκδ]υσ’
1369 1902 1587 1949 ἑλεεινούς·
1624 1901 1709 1944 κτὲ.

159 1981 262 2025 Non
303 1984 418 2026 recte
459 1983 630 2036 φαμένη
674 1983 860 2027 correxit
902 1983 1071 2040 Egger,
1106 1999 1183 2040 pro
1217 1984 1438 2037 φθαμένη,
1471 1984 1584 2040 quod
1618 1998 1769 2026 sanum

167 2067 244 2109 est.
277 2063 386 2123 Vitii
418 2067 558 2108 sedem
593 2080 682 2109 esse
715 2067 793 2109 αἰεὶ
828 2067 972 2123 arguit
1002 2066 1151 2109 labens
1182 2069 1381 2111 metrum.
1417 2066 1594 2122 Corrige
1623 2067 1766 2123 [χ]οιί-

173 2146 330 2204 [ρ]ει[ν]
358 2147 400 2190 δὲ
429 2151 639 2199 προσεῖπε,
669 2163 748 2191 nec
763 2148 992 2204 quidquam
1014 2148 1286 2192 desiderabis.
1321 2148 1396 2191 Vs.
1427 2148 1492 2190 4t0
1515 2147 1767 2191 incredibile

171 2226 288 2270 dictu
323 2230 388 2270 est
419 2226 674 2285 Cougnyum
710 2244 796 2272 non
828 2230 1090 2286 perspexisse
1117 2232 1205 2272 tam
1234 2232 1417 2273 metrum
1444 2245 1572 2286 quam
1600 2232 1771 2272 senten-

170 2308 277 2352 tiam
324 2309 442 2352 ἀλλὰ
490 2324 568 2366 pro
611 2309 706 2361 ἅμα
751 2311 986 2368 requirere3
1032 2325 1098 2354 res
1142 2325 1190 2354 eo
1224 2311 1481 2367 mirabilior,
1518 2312 1631 2368 quod
1664 2311 1769 2354 haec

170 2390 417 2448 inscriptio,
467 2394 574 2434 teste
616 2393 775 2435 editore
790 2427 801 2449 ,
842 2408 864 2435 e
906 2394 1048 2436 codice
1090 2393 1370 2437 Riccardiano
1403 2395 1614 2451 descripta
1646 2396 1712 2437 est
1741 2409 1767 2436 a

173 2472 412 2516 Riemanno
457 2476 501 2517 et
541 2475 736 2530 plurimis
777 2475 880 2519 locis
921 2479 1146 2520 emendata
1188 2477 1242 2520 ab
1284 2477 1468 2534 Eggero.
1500 2476 1590 2520 Hos
1623 2479 1764 2520 autem

119 2567 121 2571 ⁴
171 2555 284 2599 viros
329 2555 476 2599 doctos
519 2560 561 2599 et
605 2571 779 2613 sagaces
820 2558 1025 2601 facillima
1066 2560 1269 2602 correctio
1313 2560 1444 2602 latere
1488 2559 1558 2603 vix
1599 2559 1766 2615 potuit,

171 2641 433 2695 quapropter
461 2653 608 2682 vereor
638 2655 691 2683 ne
716 2641 848 2697 ipsius
876 2641 1076 2698 Gougnyi
1102 2643 1188 2685 sive
1212 2643 1450 2698 imperitiae
1484 2643 1570 2685 sive
1602 2644 1767 2698 impru-

172 2720 343 2763 dentiae
383 2721 500 2763 istud
545 2719 640 2773 ἅμα
683 2723 984 2779 imputandum
1019 2724 1087 2767 sit.
1122 2724 1198 2767 Vs.
1233 2724 1258 2766 5
1291 2725 1402 2767 idem
1443 2738 1521 2780 pro
1564 2724 1765 2777 δηχθυς

171 2802 250 2857 (ita
287 2804 437 2857 codex)
481 2803 621 2855 dedit,
665 2805 779 2860 quod
822 2805 880 2847 sic
917 2806 1101 2861 positum
1137 2805 1347 2849 Graecum
1382 2821 1470 2848 non
1503 2809 1591 2858 est,
1622 2806 1765 2857 δόμους

174 2883 394 2928 δ’ἔκδυσ’
437 2886 654 2935 ἐλεείνους,
699 2887 798 2929 licet
839 2887 1054 2930 meliorem
1097 2887 1256 2944 Eggeri
1290 2890 1593 2932 correctionem
1626 2890 1701 2932 δει
1720 2906 1766 2932 κ-

173 2966 282 3018 νύς,
330 2967 357 3009 i.
391 2982 426 3010 e.
485 2968 749 3019 ἀποδεικνύς,
804 2973 1090 3024 cognosceret.
1142 2969 1222 3013 Sed
1276 2985 1374 3013 vera
1424 2972 1551 3014 lectio
1597 2972 1764 3014 videtur

187 3047 433 3104 δ’ἥχ[λ]υσ’,
467 3052 580 3104 quod
614 3050 788 3092 verbum
821 3051 933 3106 apud
967 3051 1141 3093 seriores
1173 3055 1235 3094 est
1266 3053 1553 3095 transitivum.
