<?xml version="1.0" encoding="UTF-8"?>
<!DOCTYPE html PUBLIC "-//W3C//DTD XHTML 1.0 Transitional//EN"
    "http://www.w3.org/TR/xhtml1/DTD/xhtml1-transitional.dtd">
<html xmlns="http://www.w3.org/1999/xhtml" xml:lang="en" lang="en">
 <head>
  <title>
</title>
<meta http-equiv="Content-Type" content="text/html;charset=utf-8" />
  <meta name='ocr-system' content='tesseract 3.04.00' />
  <meta name='ocr-capabilities' content='ocr_page ocr_carea ocr_par ocr_line ocrx_word'/>
</head>
<body>
  <div class='ocr_page' id='page_1' title='image "./studiacriticaine00herwuoft_0147.png"; bbox 0 0 2138 3580; ppageno 0'>
   <div class='ocr_carea' id='block_1_1' title="bbox 0 0 35 637">
    <p class='ocr_par' dir='ltr' id='par_1_1' title="bbox 0 0 35 637">
     <span class='ocr_line' id='line_1_1' title="bbox 0 0 35 637; baseline 0 2943"><span class='ocrx_word' id='word_1_1' title='bbox 0 0 35 637; x_wconf 95' lang='lat' dir='ltr'><strong> </strong></span> 
     </span>
    </p>
   </div>
   <div class='ocr_carea' id='block_1_2' title="bbox 949 294 1035 338">
    <p class='ocr_par' dir='ltr' id='par_1_2' title="bbox 949 294 1035 338">
     <span class='ocr_line' id='line_1_2' title="bbox 949 294 1035 338; baseline 0 0"><span class='ocrx_word' id='word_1_2' title='bbox 949 294 1035 338; x_wconf 88' lang='lat'><strong>143</strong></span> 
     </span>
    </p>
   </div>
   <div class='ocr_carea' id='block_1_3' title="bbox 179 416 1772 797">
    <p class='ocr_par' dir='ltr' id='par_1_3' title="bbox 179 416 1772 555">
     <span class='ocr_line' id='line_1_3' title="bbox 184 416 1772 474; baseline 0 -13"><span class='ocrx_word' id='word_1_3' title='bbox 184 418 329 461; x_wconf 82' lang='lat' dir='ltr'><strong>tamen</strong></span> <span class='ocrx_word' id='word_1_4' title='bbox 369 416 551 461; x_wconf 72' lang='lat' dir='ltr'><strong>feliciter</strong></span> <span class='ocrx_word' id='word_1_5' title='bbox 592 432 659 460; x_wconf 89' lang='lat' dir='ltr'><strong>me</strong></span> <span class='ocrx_word' id='word_1_6' title='bbox 697 417 836 460; x_wconf 90' lang='lat' dir='ltr'><strong>iudice</strong></span> <span class='ocrx_word' id='word_1_7' title='bbox 876 417 987 460; x_wconf 86' lang='lat' dir='ltr'><strong>hanc</strong></span> <span class='ocrx_word' id='word_1_8' title='bbox 1031 432 1226 474; x_wconf 89' lang='lat' dir='ltr'><strong>gravem,</strong></span> <span class='ocrx_word' id='word_1_9' title='bbox 1260 432 1369 474; x_wconf 86' lang='lat' dir='ltr'><strong>quae</strong></span> <span class='ocrx_word' id='word_1_10' title='bbox 1400 417 1484 474; x_wconf 87' lang='lat' dir='ltr'><strong>ipsi</strong></span> <span class='ocrx_word' id='word_1_11' title='bbox 1515 417 1622 461; x_wconf 87' lang='lat' dir='ltr'><strong>lenis</strong></span> <span class='ocrx_word' id='word_1_12' title='bbox 1654 418 1772 461; x_wconf 80' lang='lat' dir='ltr'><strong>vide-</strong></span> 
     </span>
     <span class='ocr_line' id='line_1_4' title="bbox 179 491 867 555; baseline -0.003 -13"><span class='ocrx_word' id='word_1_13' title='bbox 179 499 253 542; x_wconf 72' lang='lat' dir='ltr'><strong>tur</strong></span> <span class='ocrx_word' id='word_1_14' title='bbox 264 528 276 551; x_wconf 86' lang='lat'><strong>‚</strong></span> <span class='ocrx_word' id='word_1_15' title='bbox 301 491 587 542; x_wconf 61' lang='lat' dir='ltr'><strong>&#39;mutationem</strong></span> <span class='ocrx_word' id='word_1_16' title='bbox 620 499 867 555; x_wconf 89' lang='lat' dir='ltr'><strong>proposuit:</strong></span> 
     </span>
    </p>

    <p class='ocr_par' dir='ltr' id='par_1_4' title="bbox 179 576 1407 717">
     <span class='ocr_line' id='line_1_5' title="bbox 424 576 1407 634; baseline 0.001 -12"><span class='ocrx_word' id='word_1_17' title='bbox 424 578 497 622; x_wconf 78' lang='grc' dir='ltr'><strong>καὶ</strong></span> <span class='ocrx_word' id='word_1_18' title='bbox 533 580 660 623; x_wconf 69' lang='grc' dir='ltr'><em>πάλιν</em></span> <span class='ocrx_word' id='word_1_19' title='bbox 692 576 824 622; x_wconf 77' lang='grc' dir='ltr'><em>αὖτε</em></span> <span class='ocrx_word' id='word_1_20' title='bbox 856 580 1033 632; x_wconf 71' lang='grc' dir='ltr'><em>κάρην’</em></span> <span class='ocrx_word' id='word_1_21' title='bbox 1069 579 1287 634; x_wconf 73' lang='grc' dir='ltr'><em>ἐκολάζετο</em></span> <span class='ocrx_word' id='word_1_22' title='bbox 1320 581 1407 623; x_wconf 78' lang='grc' dir='ltr'><strong>κτὲ.</strong></span> 
     </span>
     <span class='ocr_line' id='line_1_6' title="bbox 179 659 1004 717; baseline -0.001 -13"><span class='ocrx_word' id='word_1_23' title='bbox 179 659 391 717; x_wconf 79' lang='lat' dir='ltr'><strong>Equidem</strong></span> <span class='ocrx_word' id='word_1_24' title='bbox 423 661 611 717; x_wconf 83' lang='lat' dir='ltr'><strong>cogitavi</strong></span> <span class='ocrx_word' id='word_1_25' title='bbox 643 661 694 704; x_wconf 90' lang='lat' dir='ltr'><strong>de</strong></span> <span class='ocrx_word' id='word_1_26' title='bbox 727 661 1004 717; x_wconf 85' lang='lat' dir='ltr'><strong>corrigendo:</strong></span> 
     </span>
    </p>

    <p class='ocr_par' dir='ltr' id='par_1_5' title="bbox 426 741 1656 797">
     <span class='ocr_line' id='line_1_7' title="bbox 426 741 1656 797; baseline 0 -12"><span class='ocrx_word' id='word_1_27' title='bbox 426 743 496 785; x_wconf 76' lang='grc' dir='ltr'><strong>καὶ</strong></span> <span class='ocrx_word' id='word_1_28' title='bbox 528 742 658 786; x_wconf 72' lang='grc' dir='ltr'><em>πάλιν</em></span> <span class='ocrx_word' id='word_1_29' title='bbox 693 748 991 794; x_wconf 79' lang='lat' dir='ltr'><strong>elCAAIHN,</strong></span> <span class='ocrx_word' id='word_1_30' title='bbox 1023 743 1051 785; x_wconf 90' lang='lat' dir='ltr'><strong>i.</strong></span> <span class='ocrx_word' id='word_1_31' title='bbox 1070 757 1104 785; x_wconf 88' lang='lat' dir='ltr'><strong>e.</strong></span> <span class='ocrx_word' id='word_1_32' title='bbox 1139 741 1232 786; x_wconf 82' lang='grc' dir='ltr'><strong>ἶσα</strong></span> <span class='ocrx_word' id='word_1_33' title='bbox 1264 743 1388 793; x_wconf 73' lang='grc' dir='ltr'><em>λίην</em></span> <span class='ocrx_word' id='word_1_34' title='bbox 1422 742 1656 797; x_wconf 70' lang='grc' dir='ltr'><em>ἐκολάζετο,</em></span> 
     </span>
    </p>
   </div>
   <div class='ocr_carea' id='block_1_4' title="bbox 179 822 1364 882">
    <p class='ocr_par' dir='ltr' id='par_1_6' title="bbox 179 822 1364 882">
     <span class='ocr_line' id='line_1_8' title="bbox 179 822 1364 882; baseline 0.001 -16"><span class='ocrx_word' id='word_1_35' title='bbox 179 822 209 866; x_wconf 86' lang='lat' dir='ltr'><strong>i.</strong></span> <span class='ocrx_word' id='word_1_36' title='bbox 223 869 226 874; x_wconf 19' lang='grc'><em>1</em></span> <span class='ocrx_word' id='word_1_37' title='bbox 242 837 279 866; x_wconf 81' lang='lat' dir='ltr'><strong>e.</strong></span> <span class='ocrx_word' id='word_1_38' title='bbox 310 832 351 867; x_wconf 76' lang='lat' dir='ltr'><strong>et</strong></span> <span class='ocrx_word' id='word_1_39' title='bbox 380 825 557 867; x_wconf 74' lang='lat' dir='ltr'><strong>vicissim</strong></span> <span class='ocrx_word' id='word_1_40' title='bbox 588 825 812 867; x_wconf 82' lang='lat' dir='ltr'><strong><em>admodum</em></strong></span> <span class='ocrx_word' id='word_1_41' title='bbox 845 824 996 867; x_wconf 76' lang='lat' dir='ltr'><em>similes</em></span> <span class='ocrx_word' id='word_1_42' title='bbox 1024 840 1182 882; x_wconf 74' lang='lat' dir='ltr'><strong>poenas</strong></span> <span class='ocrx_word' id='word_1_43' title='bbox 1215 825 1364 868; x_wconf 79' lang='lat' dir='ltr'><strong>luebat.</strong></span> 
     </span>
    </p>
   </div>
   <div class='ocr_carea' id='block_1_5' title="bbox 174 977 1786 2670">
    <p class='ocr_par' dir='ltr' id='par_1_7' title="bbox 182 977 1782 1117">
     <span class='ocr_line' id='line_1_9' title="bbox 239 977 1782 1038; baseline 0.002 -17"><span class='ocrx_word' id='word_1_44' title='bbox 239 977 305 1021; x_wconf 89' lang='lat' dir='ltr'><strong>IX</strong></span> <span class='ocrx_word' id='word_1_45' title='bbox 337 977 439 1022; x_wconf 85' lang='lat'><strong>223.</strong></span> <span class='ocrx_word' id='word_1_46' title='bbox 472 979 670 1022; x_wconf 82' lang='lat' dir='ltr'>Bianoris</span> <span class='ocrx_word' id='word_1_47' title='bbox 697 979 962 1035; x_wconf 84' lang='lat' dir='ltr'><strong>epigramma</strong></span> <span class='ocrx_word' id='word_1_48' title='bbox 989 982 1040 1022; x_wconf 91' lang='lat' dir='ltr'><strong>de</strong></span> <span class='ocrx_word' id='word_1_49' title='bbox 1067 979 1253 1031; x_wconf 81' lang='lat' dir='ltr'><strong>homine,</strong></span> <span class='ocrx_word' id='word_1_50' title='bbox 1282 980 1356 1035; x_wconf 91' lang='lat' dir='ltr'><strong>qui</strong></span> <span class='ocrx_word' id='word_1_51' title='bbox 1383 983 1595 1023; x_wconf 87' lang='lat' dir='ltr'><strong>venenata</strong></span> <span class='ocrx_word' id='word_1_52' title='bbox 1620 982 1782 1038; x_wconf 85' lang='lat' dir='ltr'><strong>sagitta</strong></span> 
     </span>
     <span class='ocr_line' id='line_1_10' title="bbox 182 1059 1064 1117; baseline 0.002 -15"><span class='ocrx_word' id='word_1_53' title='bbox 182 1059 369 1115; x_wconf 80' lang='lat' dir='ltr'><strong>aquilam</strong></span> <span class='ocrx_word' id='word_1_54' title='bbox 403 1060 570 1104; x_wconf 87' lang='lat' dir='ltr'><strong>occidit.</strong></span> <span class='ocrx_word' id='word_1_55' title='bbox 606 1060 786 1117; x_wconf 84' lang='lat' dir='ltr'><strong>Legitur</strong></span> <span class='ocrx_word' id='word_1_56' title='bbox 817 1076 878 1103; x_wconf 87' lang='lat' dir='ltr'><strong>vs.</strong></span> <span class='ocrx_word' id='word_1_57' title='bbox 915 1061 940 1103; x_wconf 91' lang='lat'>5</span> <span class='ocrx_word' id='word_1_58' title='bbox 975 1076 1064 1117; x_wconf 86' lang='lat' dir='ltr'><strong>sq.:</strong></span> 
     </span>
    </p>

    <p class='ocr_par' dir='ltr' id='par_1_8' title="bbox 179 1142 1721 1282">
     <span class='ocr_line' id='line_1_11' title="bbox 179 1142 1721 1197; baseline 0.001 -12"><span class='ocrx_word' id='word_1_59' title='bbox 179 1144 181 1146; x_wconf 64' lang='grc'>’</span> <span class='ocrx_word' id='word_1_60' title='bbox 326 1144 330 1148; x_wconf 55' lang='lat'><strong><em>⁴</em></strong></span> <span class='ocrx_word' id='word_1_61' title='bbox 366 1143 490 1191; x_wconf 82' lang='grc' dir='ltr'><em>Ζηνὸς</em></span> <span class='ocrx_word' id='word_1_62' title='bbox 535 1143 569 1185; x_wconf 78' lang='grc' dir='ltr'><strong>δ’</strong></span> <span class='ocrx_word' id='word_1_63' title='bbox 603 1142 648 1186; x_wconf 82' lang='grc' dir='ltr'><strong>οὔ</strong></span> <span class='ocrx_word' id='word_1_64' title='bbox 680 1159 719 1186; x_wconf 78' lang='grc' dir='ltr'><strong>τι</strong></span> <span class='ocrx_word' id='word_1_65' title='bbox 755 1143 883 1192; x_wconf 83' lang='grc' dir='ltr'><em>Δίκην</em></span> <span class='ocrx_word' id='word_1_66' title='bbox 917 1142 1060 1186; x_wconf 78' lang='grc' dir='ltr'><em>ἔλαθεν</em></span> <span class='ocrx_word' id='word_1_67' title='bbox 1094 1142 1237 1194; x_wconf 81' lang='grc' dir='ltr'><em>μόνος·</em></span> <span class='ocrx_word' id='word_1_68' title='bbox 1273 1142 1483 1194; x_wconf 79' lang='grc' dir='ltr'><em>ἔμπεσε</em></span> <span class='ocrx_word' id='word_1_69' title='bbox 1517 1143 1551 1186; x_wconf 80' lang='grc' dir='ltr'><strong>δ’</strong></span> <span class='ocrx_word' id='word_1_70' title='bbox 1583 1144 1721 1197; x_wconf 83' lang='grc' dir='ltr'><em>ὅρνις</em></span> 
     </span>
     <span class='ocr_line' id='line_1_12' title="bbox 365 1224 1702 1282; baseline 0.002 -16"><span class='ocrx_word' id='word_1_71' title='bbox 365 1224 498 1278; x_wconf 70' lang='grc' dir='ltr'><em>ἀνδρί·</em></span> <span class='ocrx_word' id='word_1_72' title='bbox 533 1225 590 1267; x_wconf 66' lang='grc' dir='ltr'><strong>τὰ</strong></span> <span class='ocrx_word' id='word_1_73' title='bbox 621 1224 657 1267; x_wconf 79' lang='grc' dir='ltr'><strong>δ’</strong></span> <span class='ocrx_word' id='word_1_74' title='bbox 691 1225 908 1278; x_wconf 80' lang='grc' dir='ltr'><em>εὐστοχίης</em></span> <span class='ocrx_word' id='word_1_75' title='bbox 947 1224 1203 1267; x_wconf 71' lang='grc' dir='ltr'><em>ἀνταπέτισε</em></span> <span class='ocrx_word' id='word_1_76' title='bbox 1235 1224 1372 1276; x_wconf 85' lang='grc' dir='ltr'><em>βέλη</em></span> <span class='ocrx_word' id='word_1_77' title='bbox 1407 1226 1483 1282; x_wconf 76' lang='lat' dir='ltr'><strong>(se.</strong></span> <span class='ocrx_word' id='word_1_78' title='bbox 1518 1227 1535 1268; x_wconf 79' lang='grc' dir='ltr'><em>ὃ</em></span> <span class='ocrx_word' id='word_1_79' title='bbox 1573 1227 1702 1281; x_wconf 76' lang='grc' dir='ltr'><em>οὶνηρ).</em></span> 
     </span>
    </p>

    <p class='ocr_par' dir='ltr' id='par_1_9' title="bbox 180 1305 1786 1771">
     <span class='ocr_line' id='line_1_13' title="bbox 244 1305 1784 1365; baseline 0.002 -16"><span class='ocrx_word' id='word_1_80' title='bbox 244 1305 423 1349; x_wconf 82' lang='lat' dir='ltr'><strong>Duobus</strong></span> <span class='ocrx_word' id='word_1_81' title='bbox 454 1306 524 1349; x_wconf 90' lang='lat' dir='ltr'><strong>hic</strong></span> <span class='ocrx_word' id='word_1_82' title='bbox 555 1306 674 1349; x_wconf 90' lang='lat' dir='ltr'><strong>locus</strong></span> <span class='ocrx_word' id='word_1_83' title='bbox 706 1307 846 1358; x_wconf 80' lang='lat' dir='ltr'><strong>vitiis,</strong></span> <span class='ocrx_word' id='word_1_84' title='bbox 880 1320 1064 1363; x_wconf 86' lang='lat' dir='ltr'><strong>quorum</strong></span> <span class='ocrx_word' id='word_1_85' title='bbox 1098 1307 1278 1350; x_wconf 86' lang='lat' dir='ltr'><strong>alterum</strong></span> <span class='ocrx_word' id='word_1_86' title='bbox 1310 1307 1450 1350; x_wconf 85' lang='lat' dir='ltr'><strong>lenius</strong></span> <span class='ocrx_word' id='word_1_87' title='bbox 1475 1308 1657 1351; x_wconf 87' lang='lat' dir='ltr'><strong>alterum</strong></span> <span class='ocrx_word' id='word_1_88' title='bbox 1684 1323 1784 1365; x_wconf 84' lang='lat' dir='ltr'><strong>gra-</strong></span> 
     </span>
     <span class='ocr_line' id='line_1_14' title="bbox 182 1387 1786 1446; baseline 0.002 -15"><span class='ocrx_word' id='word_1_89' title='bbox 182 1387 300 1440; x_wconf 79' lang='lat' dir='ltr'><strong>vius,</strong></span> <span class='ocrx_word' id='word_1_90' title='bbox 342 1388 524 1432; x_wconf 83' lang='lat' dir='ltr'><strong>laborat.</strong></span> <span class='ocrx_word' id='word_1_91' title='bbox 570 1388 682 1431; x_wconf 90' lang='lat' dir='ltr'><strong>Illud</strong></span> <span class='ocrx_word' id='word_1_92' title='bbox 727 1391 792 1432; x_wconf 88' lang='lat' dir='ltr'><strong>est</strong></span> <span class='ocrx_word' id='word_1_93' title='bbox 822 1390 1110 1445; x_wconf 83' lang='lat' dir='ltr'><strong>syntacticum</strong></span> <span class='ocrx_word' id='word_1_94' title='bbox 1131 1421 1142 1441; x_wconf 90' lang='lat'>‚</span> <span class='ocrx_word' id='word_1_95' title='bbox 1175 1405 1275 1432; x_wconf 87' lang='lat' dir='ltr'><strong>nam</strong></span> <span class='ocrx_word' id='word_1_96' title='bbox 1311 1391 1492 1446; x_wconf 84' lang='lat' dir='ltr'><strong>pessime</strong></span> <span class='ocrx_word' id='word_1_97' title='bbox 1525 1391 1685 1433; x_wconf 88' lang='lat' dir='ltr'><strong>dictum</strong></span> <span class='ocrx_word' id='word_1_98' title='bbox 1721 1394 1786 1434; x_wconf 90' lang='lat' dir='ltr'><strong>est</strong></span> 
     </span>
     <span class='ocr_line' id='line_1_15' title="bbox 181 1469 1784 1529; baseline 0.002 -17"><span class='ocrx_word' id='word_1_99' title='bbox 181 1469 238 1512; x_wconf 71' lang='grc' dir='ltr'><strong>τὰ</strong></span> <span class='ocrx_word' id='word_1_100' title='bbox 272 1470 491 1523; x_wconf 80' lang='grc' dir='ltr'><em>εὖστοχίης</em></span> <span class='ocrx_word' id='word_1_101' title='bbox 525 1470 655 1523; x_wconf 85' lang='grc' dir='ltr'><em>βέλη,</em></span> <span class='ocrx_word' id='word_1_102' title='bbox 691 1471 806 1526; x_wconf 86' lang='lat' dir='ltr'><strong>quod</strong></span> <span class='ocrx_word' id='word_1_103' title='bbox 838 1485 916 1527; x_wconf 89' lang='lat' dir='ltr'><strong>pro</strong></span> <span class='ocrx_word' id='word_1_104' title='bbox 947 1473 1020 1520; x_wconf 68' lang='grc' dir='ltr'><strong>τὴν</strong></span> <span class='ocrx_word' id='word_1_105' title='bbox 1053 1472 1278 1525; x_wconf 74' lang='grc' dir='ltr'><em>εὐστοχίαν</em></span> <span class='ocrx_word' id='word_1_106' title='bbox 1309 1477 1386 1514; x_wconf 76' lang='grc' dir='ltr'><strong>τῶν</strong></span> <span class='ocrx_word' id='word_1_107' title='bbox 1419 1473 1556 1523; x_wconf 82' lang='grc' dir='ltr'><em>βελῶν</em></span> <span class='ocrx_word' id='word_1_108' title='bbox 1590 1473 1673 1515; x_wconf 90' lang='lat' dir='ltr'><strong>dici</strong></span> <span class='ocrx_word' id='word_1_109' title='bbox 1705 1488 1784 1529; x_wconf 91' lang='lat' dir='ltr'><strong>po-</strong></span> 
     </span>
     <span class='ocr_line' id='line_1_16' title="bbox 181 1551 1782 1609; baseline 0.004 -16"><span class='ocrx_word' id='word_1_110' title='bbox 181 1551 312 1594; x_wconf 85' lang='lat' dir='ltr'><strong>tuisse</strong></span> <span class='ocrx_word' id='word_1_111' title='bbox 353 1566 446 1595; x_wconf 85' lang='lat' dir='ltr'><strong>cras</strong></span> <span class='ocrx_word' id='word_1_112' title='bbox 486 1553 670 1597; x_wconf 84' lang='lat' dir='ltr'><strong>credam.</strong></span> <span class='ocrx_word' id='word_1_113' title='bbox 715 1553 869 1605; x_wconf 87' lang='lat' dir='ltr'><strong>Poeta,</strong></span> <span class='ocrx_word' id='word_1_114' title='bbox 914 1553 949 1596; x_wconf 86' lang='lat' dir='ltr'><strong>si</strong></span> <span class='ocrx_word' id='word_1_115' title='bbox 991 1553 1093 1609; x_wconf 88' lang='lat' dir='ltr'><strong>quid</strong></span> <span class='ocrx_word' id='word_1_116' title='bbox 1134 1554 1282 1606; x_wconf 85' lang='lat' dir='ltr'><strong>video,</strong></span> <span class='ocrx_word' id='word_1_117' title='bbox 1327 1554 1384 1597; x_wconf 75' lang='grc' dir='ltr'><strong>τα</strong></span> <span class='ocrx_word' id='word_1_118' title='bbox 1423 1555 1643 1607; x_wconf 79' lang='grc' dir='ltr'><em>εὐστοχίης</em></span> <span class='ocrx_word' id='word_1_119' title='bbox 1677 1558 1782 1599; x_wconf 90' lang='lat' dir='ltr'><strong>noto</strong></span> 
     </span>
     <span class='ocr_line' id='line_1_17' title="bbox 181 1632 1784 1690; baseline 0.003 -15"><span class='ocrx_word' id='word_1_120' title='bbox 181 1647 261 1676; x_wconf 89' lang='lat' dir='ltr'><strong>usu</strong></span> <span class='ocrx_word' id='word_1_121' title='bbox 307 1632 614 1689; x_wconf 83' lang='lat' dir='ltr'><strong>periphrastice</strong></span> <span class='ocrx_word' id='word_1_122' title='bbox 662 1634 827 1677; x_wconf 85' lang='lat' dir='ltr'><strong>dixerat</strong></span> <span class='ocrx_word' id='word_1_123' title='bbox 873 1649 950 1690; x_wconf 90' lang='lat' dir='ltr'><strong>pro</strong></span> <span class='ocrx_word' id='word_1_124' title='bbox 998 1636 1070 1685; x_wconf 68' lang='grc' dir='ltr'><strong>τὴν</strong></span> <span class='ocrx_word' id='word_1_125' title='bbox 1119 1635 1361 1688; x_wconf 82' lang='grc' dir='ltr'><em>εὐστοχίην,</em></span> <span class='ocrx_word' id='word_1_126' title='bbox 1406 1638 1449 1678; x_wconf 90' lang='lat' dir='ltr'><strong>et</strong></span> <span class='ocrx_word' id='word_1_127' title='bbox 1492 1637 1639 1679; x_wconf 87' lang='lat' dir='ltr'><strong>eadem</strong></span> <span class='ocrx_word' id='word_1_128' title='bbox 1684 1652 1784 1680; x_wconf 89' lang='lat' dir='ltr'><strong>usus</strong></span> 
     </span>
     <span class='ocr_line' id='line_1_18' title="bbox 180 1713 1185 1771; baseline 0.001 -13"><span class='ocrx_word' id='word_1_129' title='bbox 180 1715 420 1767; x_wconf 82' lang='lat' dir='ltr'><strong>structura,</strong></span> <span class='ocrx_word' id='word_1_130' title='bbox 452 1730 538 1771; x_wconf 87' lang='lat' dir='ltr'><strong>qua</strong></span> <span class='ocrx_word' id='word_1_131' title='bbox 568 1715 781 1759; x_wconf 86' lang='lat' dir='ltr'><strong>Homerus</strong></span> <span class='ocrx_word' id='word_1_132' title='bbox 812 1716 860 1759; x_wconf 91' lang='lat' dir='ltr'><strong>in</strong></span> <span class='ocrx_word' id='word_1_133' title='bbox 891 1716 1026 1759; x_wconf 91' lang='lat' dir='ltr'><strong>nobili</strong></span> <span class='ocrx_word' id='word_1_134' title='bbox 1059 1713 1185 1760; x_wconf 88' lang='lat' dir='ltr'><strong>versu</strong></span> 
     </span>
    </p>

    <p class='ocr_par' dir='ltr' id='par_1_10' title="bbox 182 1796 1473 2018">
     <span class='ocr_line' id='line_1_19' title="bbox 426 1796 1473 1851; baseline 0.001 -12"><span class='ocrx_word' id='word_1_135' title='bbox 426 1796 601 1841; x_wconf 74' lang='grc' dir='ltr'><em>Τίσειαν</em></span> <span class='ocrx_word' id='word_1_136' title='bbox 633 1799 791 1841; x_wconf 77' lang='grc' dir='ltr'><em>Δαναοὶ</em></span> <span class='ocrx_word' id='word_1_137' title='bbox 824 1798 910 1850; x_wconf 77' lang='grc' dir='ltr'><em>ε’μα</em></span> <span class='ocrx_word' id='word_1_138' title='bbox 944 1797 1101 1851; x_wconf 70' lang='grc' dir='ltr'><em>δάκρυα</em></span> <span class='ocrx_word' id='word_1_139' title='bbox 1134 1803 1238 1841; x_wconf 82' lang='grc' dir='ltr'><em>σοῖσι</em></span> <span class='ocrx_word' id='word_1_140' title='bbox 1270 1797 1473 1849; x_wconf 83' lang='grc' dir='ltr'><em>βέλεσσι,</em></span> 
     </span>
     <span class='ocr_line' id='line_1_20' title="bbox 182 1878 695 1940; baseline 0.004 -17"><span class='ocrx_word' id='word_1_141' title='bbox 182 1878 426 1936; x_wconf 73' lang='lat' dir='ltr'><strong>scripserat:</strong></span> <span class='ocrx_word' id='word_1_142' title='bbox 690 1935 695 1940; x_wconf 27' lang='grc' dir='ltr'>ι</span> 
     </span>
     <span class='ocr_line' id='line_1_21' title="bbox 425 1962 1282 2018; baseline 0.001 -13"><span class='ocrx_word' id='word_1_143' title='bbox 425 1962 479 2005; x_wconf 74' lang='grc' dir='ltr'><strong>τὰ</strong></span> <span class='ocrx_word' id='word_1_144' title='bbox 515 1962 551 2006; x_wconf 79' lang='grc' dir='ltr'><strong>δ’</strong></span> <span class='ocrx_word' id='word_1_145' title='bbox 583 1963 805 2018; x_wconf 81' lang='grc' dir='ltr'><em>εὖστοχίης</em></span> <span class='ocrx_word' id='word_1_146' title='bbox 838 1962 1095 2006; x_wconf 56' lang='lat' dir='ltr'><strong>duran-§rm</strong></span> <span class='ocrx_word' id='word_1_147' title='bbox 1126 1963 1282 2015; x_wconf 76' lang='grc' dir='ltr'><em>βέλΕΙ.</em></span> 
     </span>
    </p>

    <p class='ocr_par' dir='ltr' id='par_1_11' title="bbox 174 2043 1785 2345">
     <span class='ocr_line' id='line_1_22' title="bbox 243 2043 1784 2102; baseline 0.002 -15"><span class='ocrx_word' id='word_1_148' title='bbox 243 2043 370 2087; x_wconf 85' lang='lat' dir='ltr'><strong>Alter</strong></span> <span class='ocrx_word' id='word_1_149' title='bbox 409 2059 528 2087; x_wconf 88' lang='lat' dir='ltr'><strong>error</strong></span> <span class='ocrx_word' id='word_1_150' title='bbox 570 2047 634 2088; x_wconf 87' lang='lat' dir='ltr'><strong>est</strong></span> <span class='ocrx_word' id='word_1_151' title='bbox 673 2045 720 2087; x_wconf 92' lang='lat' dir='ltr'><strong>in</strong></span> <span class='ocrx_word' id='word_1_152' title='bbox 760 2044 883 2097; x_wconf 81' lang='grc' dir='ltr'><em>ὄρνις,</em></span> <span class='ocrx_word' id='word_1_153' title='bbox 927 2059 1015 2087; x_wconf 90' lang='lat' dir='ltr'><strong>non</strong></span> <span class='ocrx_word' id='word_1_154' title='bbox 1048 2045 1162 2087; x_wconf 86' lang='lat' dir='ltr'><strong>enim</strong></span> <span class='ocrx_word' id='word_1_155' title='bbox 1195 2045 1363 2101; x_wconf 85' lang='lat' dir='ltr'><strong>aquila,</strong></span> <span class='ocrx_word' id='word_1_156' title='bbox 1397 2046 1572 2102; x_wconf 90' lang='lat' dir='ltr'><strong>opinor,</strong></span> <span class='ocrx_word' id='word_1_157' title='bbox 1607 2049 1681 2089; x_wconf 88' lang='lat' dir='ltr'><strong>sed</strong></span> <span class='ocrx_word' id='word_1_158' title='bbox 1715 2062 1784 2090; x_wconf 84' lang='lat' dir='ltr'><strong>sa-</strong></span> 
     </span>
     <span class='ocr_line' id='line_1_23' title="bbox 174 2124 1785 2183; baseline 0.002 -15"><span class='ocrx_word' id='word_1_159' title='bbox 174 2124 320 2181; x_wconf 78' lang='lat' dir='ltr'><strong>gitta,</strong></span> <span class='ocrx_word' id='word_1_160' title='bbox 359 2140 444 2182; x_wconf 85' lang='lat' dir='ltr'><strong>qua</strong></span> <span class='ocrx_word' id='word_1_161' title='bbox 485 2126 629 2183; x_wconf 83' lang='lat' dir='ltr'><strong>aquila</strong></span> <span class='ocrx_word' id='word_1_162' title='bbox 671 2126 809 2169; x_wconf 86' lang='lat' dir='ltr'><strong>occisa</strong></span> <span class='ocrx_word' id='word_1_163' title='bbox 851 2129 933 2182; x_wconf 89' lang='lat' dir='ltr'><strong>est,</strong></span> <span class='ocrx_word' id='word_1_164' title='bbox 978 2126 1026 2168; x_wconf 91' lang='lat' dir='ltr'><strong>in</strong></span> <span class='ocrx_word' id='word_1_165' title='bbox 1059 2126 1332 2182; x_wconf 73' lang='lat' dir='ltr'><strong>sagittarium</strong></span> <span class='ocrx_word' id='word_1_166' title='bbox 1366 2128 1571 2171; x_wconf 83' lang='lat' dir='ltr'><strong>decidisse</strong></span> <span class='ocrx_word' id='word_1_167' title='bbox 1603 2129 1785 2172; x_wconf 89' lang='lat' dir='ltr'><strong>dicenda</strong></span> 
     </span>
     <span class='ocr_line' id='line_1_24' title="bbox 182 2205 1784 2266; baseline 0.002 -16"><span class='ocrx_word' id='word_1_168' title='bbox 182 2205 287 2259; x_wconf 72' lang='lat' dir='ltr'><strong>fuit,</strong></span> <span class='ocrx_word' id='word_1_169' title='bbox 331 2209 382 2250; x_wconf 88' lang='lat' dir='ltr'><strong>ut</strong></span> <span class='ocrx_word' id='word_1_170' title='bbox 422 2207 538 2250; x_wconf 84' lang='lat' dir='ltr'><strong>dicta</strong></span> <span class='ocrx_word' id='word_1_171' title='bbox 581 2210 646 2250; x_wconf 85' lang='lat' dir='ltr'><strong>est</strong></span> <span class='ocrx_word' id='word_1_172' title='bbox 677 2207 732 2250; x_wconf 88' lang='lat' dir='ltr'><strong>ab</strong></span> <span class='ocrx_word' id='word_1_173' title='bbox 764 2207 1023 2263; x_wconf 87' lang='lat' dir='ltr'><strong>Apollonide</strong></span> <span class='ocrx_word' id='word_1_174' title='bbox 1054 2210 1130 2250; x_wconf 87' lang='lat' dir='ltr'><strong>aut</strong></span> <span class='ocrx_word' id='word_1_175' title='bbox 1162 2207 1363 2264; x_wconf 89' lang='lat' dir='ltr'><strong>Philippo</strong></span> <span class='ocrx_word' id='word_1_176' title='bbox 1394 2208 1458 2250; x_wconf 88' lang='lat' dir='ltr'><strong>IX</strong></span> <span class='ocrx_word' id='word_1_177' title='bbox 1491 2209 1604 2266; x_wconf 81' lang='lat'><strong>265,</strong></span> <span class='ocrx_word' id='word_1_178' title='bbox 1638 2210 1784 2266; x_wconf 86' lang='lat' dir='ltr'><strong>itaque</strong></span> 
     </span>
     <span class='ocr_line' id='line_1_25' title="bbox 182 2287 1260 2345; baseline 0.001 -14"><span class='ocrx_word' id='word_1_179' title='bbox 182 2302 232 2331; x_wconf 85' lang='lat' dir='ltr'><strong>ea</strong></span> <span class='ocrx_word' id='word_1_180' title='bbox 263 2301 346 2332; x_wconf 83' lang='lat' dir='ltr'><strong>vox</strong></span> <span class='ocrx_word' id='word_1_181' title='bbox 377 2291 580 2345; x_wconf 84' lang='lat' dir='ltr'><strong>corrupta</strong></span> <span class='ocrx_word' id='word_1_182' title='bbox 612 2291 678 2332; x_wconf 86' lang='lat' dir='ltr'><strong>est</strong></span> <span class='ocrx_word' id='word_1_183' title='bbox 707 2303 759 2332; x_wconf 87' lang='lat' dir='ltr'><strong>ex</strong></span> <span class='ocrx_word' id='word_1_184' title='bbox 793 2294 1020 2332; x_wconf 89' lang='lat' dir='ltr'><strong>OICTOC.</strong></span> <span class='ocrx_word' id='word_1_185' title='bbox 1056 2287 1260 2345; x_wconf 84' lang='lat' dir='ltr'><strong>Corrigo:</strong></span> 
     </span>
    </p>

    <p class='ocr_par' dir='ltr' id='par_1_12' title="bbox 183 2369 1786 2670">
     <span class='ocr_line' id='line_1_26' title="bbox 427 2369 1697 2422; baseline 0.002 -9"><span class='ocrx_word' id='word_1_186' title='bbox 427 2372 551 2420; x_wconf 83' lang='grc' dir='ltr'><em>Ζηνὸς</em></span> <span class='ocrx_word' id='word_1_187' title='bbox 584 2371 619 2413; x_wconf 75' lang='grc' dir='ltr'><strong>δ’</strong></span> <span class='ocrx_word' id='word_1_188' title='bbox 652 2370 738 2413; x_wconf 82' lang='grc' dir='ltr'><em>οὔτι</em></span> <span class='ocrx_word' id='word_1_189' title='bbox 773 2370 901 2420; x_wconf 79' lang='grc' dir='ltr'><em>Δίκην</em></span> <span class='ocrx_word' id='word_1_190' title='bbox 934 2369 1078 2412; x_wconf 78' lang='grc' dir='ltr'><em>ἔλαθεν</em></span> <span class='ocrx_word' id='word_1_191' title='bbox 1111 2370 1254 2421; x_wconf 86' lang='grc' dir='ltr'><em>μόνος·</em></span> <span class='ocrx_word' id='word_1_192' title='bbox 1289 2370 1482 2422; x_wconf 80' lang='grc' dir='ltr'><em>ἔμπεσ’</em></span> <span class='ocrx_word' id='word_1_193' title='bbox 1516 2373 1697 2421; x_wconf 77' lang='grc' dir='ltr'><em>ὀϊστός</em></span> 
     </span>
     <span class='ocr_line' id='line_1_27' title="bbox 427 2450 1482 2505; baseline 0.002 -11"><span class='ocrx_word' id='word_1_194' title='bbox 427 2450 562 2505; x_wconf 75' lang='grc' dir='ltr'><em>ἀνδρί,</em></span> <span class='ocrx_word' id='word_1_195' title='bbox 598 2452 654 2494; x_wconf 70' lang='grc' dir='ltr'><strong>τὰ</strong></span> <span class='ocrx_word' id='word_1_196' title='bbox 689 2451 724 2493; x_wconf 78' lang='grc' dir='ltr'><strong>δ’</strong></span> <span class='ocrx_word' id='word_1_197' title='bbox 759 2452 979 2505; x_wconf 78' lang='grc' dir='ltr'><em>εὖστοχίης</em></span> <span class='ocrx_word' id='word_1_198' title='bbox 1014 2452 1270 2494; x_wconf 68' lang='grc' dir='ltr'><em>ἀνταπέτισε</em></span> <span class='ocrx_word' id='word_1_199' title='bbox 1305 2452 1482 2504; x_wconf 80' lang='grc' dir='ltr'><em>βέλει.</em></span> 
     </span>
     <span class='ocr_line' id='line_1_28' title="bbox 183 2533 1786 2590; baseline 0.001 -14"><span class='ocrx_word' id='word_1_200' title='bbox 183 2535 298 2590; x_wconf 88' lang='lat' dir='ltr'><strong>quod</strong></span> <span class='ocrx_word' id='word_1_201' title='bbox 339 2535 383 2576; x_wconf 89' lang='lat' dir='ltr'><strong>et</strong></span> <span class='ocrx_word' id='word_1_202' title='bbox 423 2535 600 2590; x_wconf 91' lang='lat' dir='ltr'><strong>propter</strong></span> <span class='ocrx_word' id='word_1_203' title='bbox 641 2533 805 2589; x_wconf 79' lang='lat' dir='ltr'><strong>epicam</strong></span> <span class='ocrx_word' id='word_1_204' title='bbox 849 2533 1030 2575; x_wconf 83' lang='lat' dir='ltr'><strong>formam</strong></span> <span class='ocrx_word' id='word_1_205' title='bbox 1073 2533 1270 2575; x_wconf 82' lang='lat' dir='ltr'><strong>vocabuli</strong></span> <span class='ocrx_word' id='word_1_206' title='bbox 1303 2536 1345 2576; x_wconf 88' lang='lat' dir='ltr'><strong>et</strong></span> <span class='ocrx_word' id='word_1_207' title='bbox 1376 2537 1553 2590; x_wconf 91' lang='lat' dir='ltr'><strong>propter</strong></span> <span class='ocrx_word' id='word_1_208' title='bbox 1585 2535 1786 2578; x_wconf 84' lang='lat' dir='ltr'><strong>omissam</strong></span> 
     </span>
     <span class='ocr_line' id='line_1_29' title="bbox 183 2614 1678 2670; baseline 0.001 -12"><span class='ocrx_word' id='word_1_209' title='bbox 183 2614 378 2658; x_wconf 81' lang='lat' dir='ltr'><strong>voculam</strong></span> <span class='ocrx_word' id='word_1_210' title='bbox 411 2614 452 2657; x_wconf 76' lang='grc' dir='ltr'><strong>δέ</strong></span> <span class='ocrx_word' id='word_1_211' title='bbox 484 2614 634 2658; x_wconf 84' lang='lat' dir='ltr'><strong>melius</strong></span> <span class='ocrx_word' id='word_1_212' title='bbox 666 2614 827 2657; x_wconf 89' lang='lat' dir='ltr'><strong>dictum</strong></span> <span class='ocrx_word' id='word_1_213' title='bbox 860 2617 925 2657; x_wconf 88' lang='lat' dir='ltr'><strong>est</strong></span> <span class='ocrx_word' id='word_1_214' title='bbox 956 2629 1086 2670; x_wconf 86' lang='lat' dir='ltr'><strong>quam</strong></span> <span class='ocrx_word' id='word_1_215' title='bbox 1118 2614 1228 2657; x_wconf 90' lang='lat' dir='ltr'><strong>foret</strong></span> <span class='ocrx_word' id='word_1_216' title='bbox 1261 2616 1418 2666; x_wconf 82' lang='grc' dir='ltr'><em>ἔμπεσε</em></span> <span class='ocrx_word' id='word_1_217' title='bbox 1456 2615 1494 2658; x_wconf 77' lang='grc' dir='ltr'><strong>δ’</strong></span> <span class='ocrx_word' id='word_1_218' title='bbox 1530 2616 1678 2665; x_wconf 83' lang='grc' dir='ltr'><em>οἱστός.</em></span> 
     </span>
    </p>
   </div>
   <div class='ocr_carea' id='block_1_6' title="bbox 181 2771 1787 2990">
    <p class='ocr_par' dir='ltr' id='par_1_13' title="bbox 181 2771 1787 2990">
     <span class='ocr_line' id='line_1_30' title="bbox 182 2771 1787 2829; baseline 0.001 -13"><span class='ocrx_word' id='word_1_219' title='bbox 182 2811 189 2816; x_wconf 86' lang='grc'><em>.</em></span> <span class='ocrx_word' id='word_1_220' title='bbox 245 2771 310 2816; x_wconf 86' lang='lat' dir='ltr'><strong>IX</strong></span> <span class='ocrx_word' id='word_1_221' title='bbox 341 2771 444 2817; x_wconf 86' lang='lat'><strong>251.</strong></span> <span class='ocrx_word' id='word_1_222' title='bbox 477 2772 652 2816; x_wconf 83' lang='lat' dir='ltr'><strong>Euenus</strong></span> <span class='ocrx_word' id='word_1_223' title='bbox 679 2773 986 2829; x_wconf 85' lang='lat' dir='ltr'><strong>grammaticus</strong></span> <span class='ocrx_word' id='word_1_224' title='bbox 1013 2772 1058 2814; x_wconf 89' lang='lat' dir='ltr'><strong>in</strong></span> <span class='ocrx_word' id='word_1_225' title='bbox 1090 2772 1175 2814; x_wconf 88' lang='lat' dir='ltr'><strong>fine</strong></span> <span class='ocrx_word' id='word_1_226' title='bbox 1206 2773 1525 2829; x_wconf 85' lang='lat' dir='ltr'><strong>epigrammatis</strong></span> <span class='ocrx_word' id='word_1_227' title='bbox 1542 2774 1589 2816; x_wconf 88' lang='lat' dir='ltr'><strong>in</strong></span> <span class='ocrx_word' id='word_1_228' title='bbox 1605 2774 1787 2817; x_wconf 86' lang='lat' dir='ltr'><strong>blattam</strong></span> 
     </span>
     <span class='ocr_line' id='line_1_31' title="bbox 181 2853 911 2910; baseline -0.004 -12"><span class='ocrx_word' id='word_1_229' title='bbox 181 2868 277 2898; x_wconf 83' lang='lat' dir='ltr'><strong>eam</strong></span> <span class='ocrx_word' id='word_1_230' title='bbox 307 2854 533 2898; x_wconf 83' lang='lat' dir='ltr'><strong>bestiolam</strong></span> <span class='ocrx_word' id='word_1_231' title='bbox 565 2854 626 2897; x_wconf 85' lang='lat' dir='ltr'><strong>sic</strong></span> <span class='ocrx_word' id='word_1_232' title='bbox 658 2853 911 2910; x_wconf 87' lang='lat' dir='ltr'><strong>compellat:</strong></span> 
     </span>
     <span class='ocr_line' id='line_1_32' title="bbox 429 2934 1607 2990; baseline 0 -10"><span class='ocrx_word' id='word_1_233' title='bbox 429 2938 557 2988; x_wconf 77' lang='grc' dir='ltr'><strong>Φεῦγ’</strong></span> <span class='ocrx_word' id='word_1_234' title='bbox 592 2936 675 2979; x_wconf 67' lang='grc' dir='ltr'><strong>ἀπὸ</strong></span> <span class='ocrx_word' id='word_1_235' title='bbox 709 2936 938 2987; x_wconf 72' lang='grc' dir='ltr'><em>Μουσάων,</em></span> <span class='ocrx_word' id='word_1_236' title='bbox 972 2935 1021 2978; x_wconf 78' lang='grc' dir='ltr'><strong>ἴθι</strong></span> <span class='ocrx_word' id='word_1_237' title='bbox 1055 2936 1229 2987; x_wconf 82' lang='grc' dir='ltr'><em>τηλόσε,</em></span> <span class='ocrx_word' id='word_1_238' title='bbox 1264 2936 1359 2987; x_wconf 75' lang='grc' dir='ltr'><em>μηδ’</em></span> <span class='ocrx_word' id='word_1_239' title='bbox 1394 2934 1482 2980; x_wconf 74' lang='grc' dir='ltr'><em>ὅσον</em></span> <span class='ocrx_word' id='word_1_240' title='bbox 1516 2937 1607 2990; x_wconf 77' lang='grc' dir='ltr'><em>ὄψει</em></span> 
     </span>
    </p>
   </div>
   <div class='ocr_carea' id='block_1_7' title="bbox 426 3015 1459 3073">
    <p class='ocr_par' dir='ltr' id='par_1_14' title="bbox 426 3015 1459 3073">
     <span class='ocr_line' id='line_1_33' title="bbox 426 3015 1459 3073; baseline 0.001 -13"><span class='ocrx_word' id='word_1_241' title='bbox 426 3016 714 3069; x_wconf 71' lang='grc' dir='ltr'><em>βάσκανον</em></span> <span class='ocrx_word' id='word_1_242' title='bbox 746 3018 797 3059; x_wconf 83' lang='grc' dir='ltr'><strong>ἐν</strong></span> <span class='ocrx_word' id='word_1_243' title='bbox 829 3017 958 3070; x_wconf 78' lang='grc' dir='ltr'><strong>ψήφῳ</strong></span> <span class='ocrx_word' id='word_1_244' title='bbox 993 3015 1113 3067; x_wconf 74' lang='grc' dir='ltr'><em>δόξαν</em></span> <span class='ocrx_word' id='word_1_245' title='bbox 1148 3017 1459 3073; x_wconf 68' lang='grc' dir='ltr'><em>ἐπεισαγοὶγης.</em></span> 
     </span>
    </p>
   </div>
  </div>
 </body>
</html>
