2138 3580
935 318 1016 360 151

176 436 279 494 Pag.
313 436 370 482 27
403 439 456 481 ad
495 438 592 482 192.
639 439 778 482 Possis
821 440 992 496 quidem
1035 440 1240 496 suspicari
1284 439 1541 495 lapidariam
1573 453 1770 495 pronun-

230 928 447 972 ›28›

496 521 633 563 tiandi
660 534 799 565 errore
831 522 975 566 ἀείσας
1011 522 1199 578 posuisse
1233 535 1309 577 pro
1342 521 1498 577 ἀΰσας,
1535 523 1606 563 sed
1639 535 1775 577 neque

494 602 620 646 huius
650 602 769 645 verbi
795 603 912 645 notio
930 617 1061 659 aeque
1078 605 1179 659 apta
1196 605 1261 645 est
1279 605 1407 658 atque
1424 602 1594 647 ἀπάσαις
1607 636 1617 656 ,
1638 616 1777 658 neque

496 699 585 728 non
626 686 820 741 suspecta
851 687 961 727 esset
992 685 1199 741 producta
1231 684 1392 727 vocalis
1424 686 1580 726 natura
1611 683 1775 735 brevis,

495 781 623 822 quam
666 781 875 822 nusquam
919 766 1022 808 alibi
1054 767 1100 809 in
1135 767 1213 809 hoe
1247 766 1375 809 verbo
1409 766 1494 808 arsi
1525 766 1776 822 productam

499 848 599 892 vidi.
633 848 863 904 Propterea
896 850 1099 902 οὶ[π-ύ]σαις
1134 849 1329 904 praetuli.

507 929 603 974 195.
648 929 898 972 Liberorum
941 930 1176 972 similitudo
1216 933 1436 972 maternae
1468 929 1678 972 eastitatis
1709 928 1777 970 in-

500 1011 670 1054 dicium.
705 1010 770 1055 Cf.
800 1014 850 1056 A.
871 1011 918 1054 Ρ.
947 1011 1011 1054 VI
1038 1012 1138 1055 353.
1167 1011 1233 1054 XI
1251 1011 1352 1054 215.
1382 1010 1559 1053 Theocr.
1577 1009 1703 1061 XIV,
1721 1010 1778 1052 44

497 1092 641 1149 ibique
670 1092 900 1149 Kiessling.

506 1180 656 1222 Μεῖσις
691 1177 804 1217 recte
835 1175 977 1218 habet.

506 1257 608 1300 449.
651 1256 857 1313 Persaepe
898 1257 952 1299 ab
997 1257 1286 1313 Anthologiae
1325 1271 1495 1312 quoque
1527 1255 1615 1299 Pal.
1646 1254 1782 1311 poetis

503 1342 891 1382 commemorantur
927 1339 1124 1381 homines
1156 1338 1284 1381 occisi
1310 1337 1492 1380 thalami
1519 1337 1586 1380 vel
1613 1336 1781 1379 aedium

502 1420 641 1462 ruina.

507 1501 610 1545 453.
654 1502 720 1545 Ad
763 1502 1026 1558 diphthongi
1070 1509 1127 1545 AI
1161 1516 1314 1545 sonum
1346 1489 1417 1545 of.0
1434 1501 1637 1544 Palladae
1669 1500 1786 1542 lusus

509 1582 560 1627 A.
577 1583 628 1627 P.
662 1583 701 1627 X
734 1585 788 1627 4:

585 1666 656 1708 οὐκ
689 1665 809 1708 ἐθέλω
845 1665 1073 1721 Δόμινε,
1106 1667 1150 1708 οὐ
1184 1665 1268 1718 γὰρ
1300 1663 1384 1719 ἔχω
1419 1663 1662 1717 δόμεναι.

507 1747 609 1792 522.
643 1747 730 1791 Vix
761 1762 1013 1804 quemquam
1043 1747 1221 1799 latebit,
1251 1762 1348 1790 oum
1374 1746 1535 1803 Hagna
1554 1747 1611 1789 sit
1627 1760 1785 1788 nomen

502 1830 746 1886 proprium,
776 1833 940 1872 mutato
974 1831 1151 1872 accentu
1181 1828 1318 1881 “Ayvn
1351 1829 1650 1885 corrigendum
1683 1842 1784 1870 esse.

237 1928 259 1952 ι
328 1911 386 1955 48
433 1928 454 1952 >
511 1911 613 1954 528.
655 1911 851 1954 Eundem
894 1911 1222 1968 praepositionis
1263 1911 1443 1953 abusum
1487 1909 1635 1953 notavi
1668 1910 1720 1952 A.
1738 1908 1784 1952 Ρ.

230 2074 448 2118 ›53›

505 1991 546 2036 X
582 1993 722 2044 l4l‚1
762 1999 868 2047 κοινῇ
902 1993 1004 2044 πὰρ
1039 1993 1174 2048 κλισίῃ
1210 2018 1262 2025 -
1297 1994 1487 2043 κείμενοι.

503 2074 605 2118 635.
649 2073 712 2117 De
754 2076 911 2117 mensis
943 2075 1181 2131 tripedibus
1213 2075 1423 2131 imprimis
1457 2074 1511 2118 cf.
1546 2069 1710 2117 Athen.
1742 2073 1788 2116 II

451 2213 453 2215 q
508 2171 548 2212 p.
585 2157 642 2199 49
675 2159 718 2199 et
751 2156 905 2200 Horat.
940 2156 1074 2201 Serm.
1110 2157 1131 2199 I
1165 2159 1205 2214 3,
1232 2158 1300 2201 13.

238 2255 260 2280 ι
330 2239 388 2282 60
435 2255 456 2280 ›
513 2238 613 2282 728.
646 2237 754 2282 Cum
786 2239 1001 2282 sententia
1033 2239 1087 2283 of.
1122 2241 1172 2282 A.
1192 2239 1243 2282 P.
1276 2238 1364 2282 VII
1398 2238 1485 2282 228
1519 2242 1563 2282 et
1594 2238 1696 2282 230.

240 2337 262 2362 ι
331 2321 388 2364 62
420 2322 474 2364 ad
506 2321 578 2364 92.
621 2321 760 2378 Magis
792 2322 1000 2365 satisfacit
1032 2323 1379 2378 supplementum
1413 2321 1658 2377 nuperrime
1689 2335 1788 2376 pro-

507 2403 696 2459 positum
727 2403 840 2446 Bull.
875 2406 915 2447 d.
949 2403 996 2448 G.
1015 2404 1072 2447 H.
1108 2405 1238 2456 1890,
1274 2404 1385 2447 522:

571 2487 646 2529 Ἐκ
678 2486 853 2529 δαπέδου
887 2486 936 2537 μ’
968 2486 1139 2539 ὤρθωσεν
1177 2486 1272 2548 ὅλης
1305 2487 1450 2535 Ἀσίας
1488 2486 1731 2540 [δαπάνῃσιν

621 2569 792 2623 ἀφθονίῃ
825 2573 969 2622 χειρῶν
1002 2569 1081 2616 δῖος
1114 2569 1510 2621 ΪΑριστένετος.

511 2650 586 2693 ubi
626 2651 812 2693 nominis
852 2651 957 2694 haee
996 2651 1135 2694 forma
1166 2666 1188 2694 e
1220 2652 1312 2694 cod.
1345 2651 1567 2694 Parmensi
1597 2652 1795 2695 restituta

512 2732 669 2775 citatur
715 2747 738 2775 e
779 2733 907 2775 titulo
951 2731 1051 2777 (3.1.
1071 2733 1122 2776 G.
1166 2734 1285 2776 2693
1303 2748 1337 2787 e,
1384 2732 1410 2774 2
1454 2734 1506 2776 ol.
1542 2733 1658 2776 3665
1692 2735 1793 2790 (aet.

513 2813 647 2857 Marci
695 2814 877 2871 Aurelii)
909 2817 952 2857 et
982 2818 1253 2871 eomparatur
1286 2816 1500 2862 Ἐπένετος
1534 2816 1592 2859 ib.
1629 2817 1746 2859 2693
1762 2816 1794 2859 f.

512 2895 621 2946 Quia
651 2899 796 2939 tamen
830 2903 886 2939 AI
921 2912 1043 2953 saepe
1073 2912 1150 2953 pro
1185 2904 1217 2940 E
1252 2897 1427 2953 ponitur
1452 2912 1477 2939 a
1503 2898 1794 2954 sequioribus,

513 2980 657 3021 utrum
690 2978 840 3021 horum
873 2979 1032 3022 scribas
1065 2979 1241 3035 perinde
1273 2982 1351 3021 est.

248 3076 270 3100 ι
339 3060 398 3103 63
443 3076 465 3100 ›
523 3059 620 3115 122,
641 3060 682 3103 8.
716 3060 983 3113 Παροιΐξατο,
1011 3063 1126 3116 quod
1147 3059 1332 3116 exempli
1347 3074 1474 3103 eausa
1489 3061 1636 3117 posui,
1653 3064 1798 3118 aperte
