2138 3580
1098 399 1180 442 106

344 516 440 559 coll.
475 515 605 572 Soph.
640 516 689 560 Ο.
709 515 756 560 O.
792 518 862 560 89.
915 543 967 550 --
1019 517 1212 562 Ceterum
1261 520 1344 563 vid.
1387 519 1533 562 Mitth.
1576 517 1663 563 VH
1705 518 1805 576 256,
1850 516 1925 564 ubi

343 597 617 640 Mordtmann
661 611 753 640 cum
799 613 879 640 vss.
914 599 1031 641 4-9
1070 601 1336 656 comparavit
1363 601 1542 644 similem
1575 601 1716 644 locum
1748 616 1800 644 ex
1829 614 1924 644 ora-

342 676 448 719 culis
481 676 702 732 Sibyllinis
732 678 754 720 I
792 679 1041 722 144—153.

1058 805 1218 850 XXIV.

404 903 607 945 Mittheil.
642 903 709 946 III
740 919 781 959 p.
816 904 901 946 315
920 919 982 960 sq.
1018 905 1288 949 Orchomeni.

524 983 730 1038 Ἀλξήνωρ
763 985 945 1034 ἐποίησεν
977 987 995 1028 0‘
1027 986 1206 1038 Νάξιος,
1239 988 1340 1029 ἀλλ’
1373 987 1583 1043 ἑσιδέσθ[ε.

344 1063 550 1117 Ἀλξήνωρ
582 1079 668 1107 non
702 1065 833 1108 habet
864 1066 1001 1121 Pape,
1036 1067 1108 1109 sed
1141 1068 1346 1120 Ἀλκήνωρ
1379 1067 1536 1111 Herod.
1569 1069 1591 1111 I
1624 1068 1694 1111 82.

1067 1191 1204 1236 XXV.

402 1290 565 1332 Ibidem
599 1306 640 1345 p.
679 1292 747 1334 73.
780 1291 943 1347 Dymae
974 1292 1019 1334 in
1050 1292 1223 1336 Achaia.
1255 1292 1336 1336 Ed.
1369 1308 1454 1335 van
1486 1293 1631 1336 Duhn.

522 1372 652 1413 Τίκτε
684 1388 738 1421 με
774 1372 988 1423 Ἀρκαδίης
1022 1374 1248 1428 Μεγ[οὶλη]
1281 1374 1424 1425 πόλις,
1459 1374 1610 1425 οὔνομα
1639 1374 1672 1417 δ’
1699 1375 1854 1429 Αὐχῶ·

585 1452 798 1502 Καρνεάδοι
835 1452 908 1508 [δὲ]
945 1453 1098 1505 πατρὸς
1133 1458 1399 1506 συμφορις
1433 1470 1560 1496 ouo-oc
1595 1454 1749 1506 γένους.

585 1531 688 1584 ζωᾶς
723 1534 759 1575 δ’
791 1534 970 1588 εἰκοστὸν
1004 1533 1175 1585 κῶγδοον
1210 1535 1440 1585 ἠνυσοέμαν.

520 1612 678 1666 Ἵλαρος
712 1615 913 1667 Καίσαρος
948 1614 1085 1661 δοῦλος
1119 1615 1268 1667 συνβίῳ

707 1694 1004 1748 εὐσεβεστάτη.

343 1773 417 1816 Vs.
465 1774 484 1815 1
535 1774 651 1817 τίκτε
698 1791 751 1825 με
803 1775 835 1816 δ’
877 1775 1094 1828 Ἀρκαδίης
1145 1778 1293 1818 contra
1333 1775 1571 1831 apographi
1610 1775 1737 1818 fidem
1769 1774 1924 1818 tacitus

340 1855 632 1910 transscripsit
658 1855 807 1907 editor,
835 1870 942 1910 quae
975 1857 1183 1911 scriptura
1215 1871 1280 1898 me
1311 1856 1449 1898 iudice
1482 1856 1621 1898 hianti
1652 1855 1805 1911 lapidis
1836 1855 1923 1898 lec-

340 1934 457 1976 tione
487 1936 621 1976 multo
649 1937 713 1977 est
745 1936 939 1978 deterior.
974 1935 1082 1985 Quid
1109 1937 1164 1978 sit
1191 1937 1343 1978 deinde
1369 1951 1429 1978 vs,
1449 1937 1475 1978 2
1509 1936 1710 1989 συμφορὶς
1738 1932 1839 1978 οὖσα
1854 1935 1924 1978 vel

343 2016 652 2068 συμφορίσουσα
696 2030 832 2071 neque
874 2031 957 2058 van
1000 2016 1128 2059 Duhn
1170 2017 1275 2058 dicit
1303 2030 1439 2071 neque
1471 2029 1548 2071 ego
1581 2015 1809 2071 intellego,
1842 2030 1921 2059 nec

339 2096 570 2151 quidquam
617 2096 792 2151 praebet
837 2096 944 2138 lucis
994 2099 1263 2152 comparatus
1305 2096 1511 2151 Stephani
1554 2095 1776 2139 thesaurus
1815 2110 1850 2140 s.
1880 2110 1949 2141 vu

340 2178 557 2230 συμφορίς.
590 2176 643 2219 In
676 2177 954 2219 recentissimi
988 2177 1100 2219 tituli
1132 2177 1441 2237 subscriptione
1471 2177 1580 2232 lapis
1611 2176 1743 2219 habet
1772 2176 1924 2228 συνβίω

342 2258 625 2309 εὐσεβεστάτη
659 2258 748 2300 sine
779 2258 881 2300 iota.

1057 2359 1216 2402 XXVI.

404 2458 607 2502 Mittheil.
641 2459 662 2502 I
696 2459 783 2502 233
801 2474 862 2515 sq.
895 2459 1086 2515 Spartae.
1119 2459 1208 2502 Sec.
1241 2459 1305 2502 IV
1336 2462 1441 2502 extr.
1470 2475 1508 2503 a.
1537 2457 1636 2502 Chr.
1664 2459 1744 2504 Ed.
1773 2457 1922 2514 Roehl',

344 2539 417 2594 qui
447 2539 641 2591 incertis,
675 2540 746 2581 sed
779 2539 913 2595 aptis,
946 2539 1199 2582 coniecturis
1232 2539 1404 2582 titulum
1437 2540 1499 2581 ita
1531 2539 1767 2595 supplevit:

524 2621 618 2662 Τὶὸν
651 2619 936 2671 πρεσβύτατον
970 2637 1023 2671 με
1061 2622 1236 2676 υ-υ]ου
1268 2617 1353 2663 εἷλε
1385 2620 1586 2673 Κόρινθος,

584 2697 626 2748 ἧς
661 2700 747 2753 πέρι
784 2699 1032 2747 δεινοτάτους
1068 2701 1106 2742 ἐν
1141 2700 1334 2757 συ]νόδοις
1369 2700 1547 2752 ὀλόμαν·

526 2779 695 2831 Οὕνομοι
727 2781 802 2831 μὲν
843 2787 961 2833 snm,
995 2781 1165 2837 πατρ]ὶς
1199 2781 1240 2823 δέ
1273 2782 1342 2832 μοι’
1377 2782 1484 2823 ἐστιν
1516 2782 1683 2834 Ὀρειὸν,

582 2863 708 2904 πᾶσιν
741 2863 974 2914 demmin-rep
1007 2867 1090 2909 τοῖς
1123 2863 1450 2917 ἕπι]γινομ.ε’νοις.

1046 2986 1228 3030 XXVII.

402 3087 550 3130 Mitth.
595 3087 656 3130 VI
694 3088 776 3130 106
806 3102 896 3144 sqq.
943 3088 1124 3131 Athenis
1154 3089 1199 3130 in
1234 3102 1330 3130 vase
1359 3102 1490 3144 prope
1522 3087 1712 3144 Dipylon
1742 3089 1922 3144 repertu.
