2138 3580
1185 347 1240 388 52

487 468 587 510 621.
620 468 839 510 Nonnulla
880 469 922 510 in
969 469 1048 510 hoc
1089 469 1273 511 carmine
1305 470 1460 511 rectius
1493 469 1715 511 constituit
1746 468 1917 520 Kaibel,
1952 471 1998 512 at

426 549 491 591 vel
532 549 589 592 sic
637 552 778 591 tamen
821 551 922 591 sunt
955 563 1063 604 quae
1093 549 1269 608 obscura
1301 552 1460 592 restent
1492 552 1534 591 et
1564 549 1744 592 fortasse
1776 550 1973 605 corrupta
1988 580 1999 601 ‚

426 630 542 672 velut
573 631 698 685 primi
730 642 897 672 versus:

636 711 812 762 ’Ὄλβιον
845 711 1043 761 ἐνθέμενος
1077 710 1213 761 βιότον
1247 716 1413 762 καρποῖς
1449 711 1664 764 ἐπέχαιρον

696 792 828 841 βῶλον
861 793 1074 845 ἐπιψήχων
1109 792 1372 846 πυροφόροις
1403 792 1616 843 βοτάναις.

428 873 499 915 ubi
538 873 827 928 intellegerem
871 873 1326 925 βῶλον-πυροφόρον,
1362 874 1433 916 sed
1464 887 1546 929 quo
1577 875 1702 929 pacto
1736 873 1898 930 reliqua
1928 874 2004 916 aut

425 954 627 1009 explicem
659 957 733 995 aut
764 954 971 1009 corrigam
1005 968 1089 995 non
1122 954 1298 1009 reperio.
1332 954 1481 996 Dicere
1516 953 1642 996 homo
1673 953 1861 1005 videtur,
1888 967 1935 996 so
1957 954 2005 996 in

425 1048 527 1090 agro
560 1035 735 1077 colendo
770 1035 898 1076 vitam
934 1035 1098 1077 felicem
1132 1035 1401 1090 transegisse.
1440 1059 1492 1066 —
1530 1034 1602 1076 Vs.
1640 1035 1693 1077 10
1727 1050 1789 1091 sq.

640 1116 706 1157 xcx}
740 1116 882 1168 θρήνοις
916 1117 1139 1158 κλαύσοισοι
1173 1116 1301 1158 πολὺν
1333 1116 1472 1169 χρόνον
1507 1117 1568 1171 [οὐ
1600 1115 1733 1167 λάβεν
1766 1114 1912 1180 ἄλλον,

700 1197 915 1247 ἦρεμίην
949 1197 1082 1246 κοίτης
1115 1197 1153 1242 ἐς
1186 1196 1299 1242 τέλος
1334 1195 1527 1247 ἐρωμένη.

429 1276 549 1326 Quod
590 1277 824 1319 sententiae
867 1278 986 1343 unice
1027 1278 1307 1320 conveniebat
1350 1278 1571 1329 ἐρημίην
1604 1291 1698 1319 cum
1731 1288 2002 1320 numerorum

429 1358 537 1399 ratio
567 1358 827 1408 excluderet,
863 1358 1037 1400 versifex
1068 1372 1144 1413 pro
1177 1372 1225 1400 eo
1257 1358 1401 1413 posuit
1432 1358 1677 1410 ἧρεμίην,
1723 1358 1810 1401 sive
1840 1359 2002 1400 utram-

431 1453 511 1493 que
552 1453 693 1481 vocem
731 1440 1019 1490 confundens,
1053 1439 1138 1481 sive
1172 1440 1312 1482 nescio
1344 1455 1427 1495 qua
1458 1440 1680 1482 metathesi
1712 1439 1792 1482 hoc
1823 1453 1900 1496 pro
1930 1439 2005 1483 illo

437 1520 630 1574 usurpari
661 1534 782 1575 posse
814 1520 1075 1563 existimans.

495 1686 608 1740 622,
658 1687 693 1727 l.
737 1685 941 1741 Suspecta
974 1689 1037 1728 est
1069 1686 1205 1728 forma
1237 1687 1470 1739 Εὐτυχέους
1505 1699 1581 1741 pro
1614 1685 1847 1739 Εὑτυχέος,
1880 1699 2008 1742 quam

434 1768 611 1810 retinuit
642 1768 767 1810 etiam
800 1768 950 1810 Kaibel
981 1782 1079 1823 pag.
1113 1767 1196 1810 162
1230 1782 1291 1823 sq.
1320 1766 1694 1823 Corruptissimum
1721 1781 1809 1810 esse
1824 1780 2005 1824 apogra-

434 1848 566 1903 phum
601 1849 702 1890 dicit
733 1849 864 1898 idem,
902 1852 944 1891 et
974 1849 1231 1904 desperanda
1261 1849 1428 1892 videtur
1462 1848 1713 1891 emendatio.

495 2015 606 2065 625,
641 2016 661 2055 1
697 2015 741 2056 τὸ
774 2015 844 2068 ζῆν
878 2016 895 2057 ὁ
928 2014 1054 2067 ζήσας
1090 2016 1156 2056 καὶ
1192 2016 1314 2057 θανὼν
1346 2016 1393 2068 ζῇ
1426 2021 1548 2058 TON
1583 2015 1735 2069 φίλοις.

434 2095 557 2144 Quod
603 2096 790 2151 reposuit
836 2095 987 2137 Kaibel
1031 2095 1133 2148 ζῶν,
1178 2110 1265 2137 non
1309 2096 1408 2138 satis
1452 2096 1669 2155 intellego..
1699 2095 1847 2138 Malim
1879 2101 2006 2143 τοῖς.

433 2164 652 2218 Sententia
683 2190 770 2217 esse
803 2176 988 2219 videtur:
1022 2178 1057 2218 is
1090 2178 1160 2232 qui
1186 2191 1262 2233 per
1294 2178 1420 2218 vitam
1456 2178 1559 2219 vixit
1589 2179 1729 2219 amicis
1754 2179 1879 2220 etiam
1897 2172 2010 2220 πνοὰ·-

434 2266 524 2299 tuus
556 2259 606 2298 iis
639 2258 747 2298 vivit.
782 2255 855 2297 Vs.
889 2257 916 2297 4
950 2256 1160 2304 Εὐστικθής
1193 2269 1349 2298 nomen
1385 2256 1602 2311 proprium
1635 2271 1723 2299 esse
1754 2258 1867 2299 recte
1897 2256 2008 2299 idem

432 2337 654 2379 intellexit.
691 2337 750 2378 De
782 2336 940 2391 duplici
976 2336 1148 2378 nomine
1183 2336 1235 2380 cf.
1275 2337 1386 2387 713,
1424 2338 1461 2378 1.

501 2493 610 2543 632,
644 2494 669 2535 5
702 2493 879 2548 pessime
910 2494 1070 2535 dictum
1104 2496 1184 2536 est:

645 2570 672 2623 ᾧ
706 2573 865 2614 παστὸν
895 2574 1092 2628 οὐθεὶς,
1124 2576 1204 2626 οὐχ
1238 2574 1422 2627 ὑμέναιον
1454 2573 1524 2628 ᾖσέ
1558 2591 1633 2621 τις.

436 2654 535 2696 Non
566 2654 678 2696 enim
700 2654 753 2695 ab
778 2654 888 2708 ᾅδειν
904 2656 1086 2710 pendere
1102 2657 1242 2710 potest
1260 2655 1432 2697 ποια-τόν.
1450 2654 1777 2697 Emendandum
1794 2651 2005 2711 suspicor:
2077 2672 2082 2678 ·

646 2731 672 2787 ᾧ
707 2735 864 2776 παιστὸν
896 2736 937 2777 οὐ
972 2735 1165 2790 [στρῶ]ο·’,
1199 2737 1277 2788 οὐχ
1312 2735 1497 2785 ὑμέναιον
1531 2733 1602 2788 ᾖσε
1636 2751 1711 2782 τις.

499 2881 608 2930 633,
667 2883 708 2923 4.
767 2881 992 2936 Receptam
1053 2882 1239 2936 oportuit
1286 2885 1441 2924 certam
1487 2881 1656 2924 Kaibeli
1702 2881 2006 2924 correctionem

439 2959 672 3010 τευξόμενος
706 2975 782 3016 pro
815 2960 1083 3012 τευξοέμενος,
1118 2975 1199 3016 quo
1234 2976 1319 3004 non
1350 2963 1491 3004 minus
1522 2977 1649 3018 quam
1681 2961 1891 3004 sententia
1922 2961 2009 3004 lae-

440 3042 553 3083 ditur
585 3042 857 3097 etymologia.
