2138 3580
1174 335 1259 380 134

485 453 605 497 Nihil
638 454 820 510 amplius
851 455 988 497 editor
1014 455 1069 498 Gr.
1105 455 1236 500 Gatti.
1270 448 1413 500 Verba
1444 457 1503 499 sic
1534 457 1817 513 disponenda:

663 535 815 577 Εἶκόνα
846 535 1000 592 τήνδ[ε]
1035 535 1152 579 νόσων
1186 537 1342 580 παθέων
1375 538 1459 594 τ(ε)
1492 538 1659 591 ἐλατῆρι

664 614 840 658 ἄνθεα-αν
873 615 1070 670 ’Λρζίγιοι
1105 617 1301 670 μακάρων
1334 618 1483 666 τίοντὲς
1518 651 1649 664 .....

422 695 505 738 Pro
548 695 709 738 ultimis
749 696 904 738 litteris
945 698 1121 752 expecto
1168 697 1399 751 ’ΛΡ[ωγή]ν
1441 701 1517 741 aut
1556 699 1718 755 aliquid
1750 699 2010 746 huiusmodi.

422 774 573 819 Statua
613 775 867 831 Aesculapio
911 778 1076 819 sacrata
1120 778 1249 821 fuisse
1291 779 1471 836 videtur,
1517 780 1588 822 sed
1620 781 1693 835 qui
1725 781 1813 823 sint
1843 780 2010 837 Arzigii

420 855 587 911 ignoro.
631 855 748 899 Num
788 856 899 899 forte
943 857 1239 914 corrigendum
1272 861 1519 911 'Apletot‘?
1550 859 1727 916 Artigos
1758 860 1872 903 enim
1903 861 2009 904 civi-

423 938 555 979 tatem
598 936 726 979 fuisse
766 937 812 978 in
854 937 1065 993 Hispania
1108 938 1280 982 Baetica
1312 940 1439 982 fuisse
1473 940 1668 983 novimus
1700 955 1751 983 ex
1781 940 2009 984 Itinerario

424 1017 655 1068 Antonini,
680 1032 723 1072 p.
751 1017 853 1060 416.
885 1018 1026 1060 Hodie
1060 1019 1254 1062 Castuera
1285 1021 1472 1062 vocatur.
1500 1019 1595 1063 Nisi
1625 1020 1733 1062 forte
1764 1019 1917 1077 Arziqi
1945 1023 2010 1064 est

423 1081 568 1140 verum
594 1097 766 1140 illorum
794 1113 966 1141 nomen.
1000 1098 1139 1148 Quare
1162 1113 1317 1155 operae
1341 1100 1524 1155 pretium
1551 1100 1633 1142 erit
1659 1101 1797 1143 denuo
1823 1100 2008 1157 lapidem

424 1178 699 1222 examinasse.
731 1177 854 1220 Alius
885 1179 1027 1230 locus,
1060 1179 1165 1221 situs
1196 1180 1243 1221 in
1274 1180 1421 1222 eadem
1453 1179 1625 1223 Baetica
1651 1180 1724 1223 sed
1752 1179 1889 1222 multo
1916 1195 2009 1223 ma-

422 1258 489 1313 gis
520 1260 575 1300 ad
606 1259 849 1315 meridiem,
883 1259 1022 1302 dictus
1053 1260 1239 1313 ’Λρτιγίς
1273 1259 1390 1316 (hod.
1423 1259 1625 1317 Albama)
1659 1262 2012 1303 commemoratur

425 1352 451 1380 a
497 1338 743 1381 Ptolemaeo
784 1338 829 1381 II
872 1339 913 1391 4,
938 1339 1007 1382 11.
1068 1338 1133 1383 Cf.
1177 1340 1338 1396 Pauly,
1393 1340 1630 1383 Real-Enc.
1678 1340 1791 1383 Usus
1838 1340 2013 1396 linguae

426 1417 610 1461 Graecae
642 1419 677 1461 si
708 1418 806 1462 huic
840 1419 1078 1462 sententiae
1109 1420 1252 1463 obstat
1265 1452 1276 1472 ‚
1310 1420 1475 1476 Arzigii
1505 1421 1608 1464 alibi
1640 1420 1870 1476 quaerendi
1896 1422 2011 1463 sunt.

1160 1519 1272 1565 XCI.

487 1619 648 1662 Ibidem
680 1633 777 1675 pag.
813 1619 914 1664 453.
947 1620 1113 1663 Titulus
1145 1619 1412 1664 Christianus
1444 1636 1522 1664 sec.
1556 1621 1668 1666 IVti.

605 1698 775 1754 Ἧρω(α)
806 1700 1041 1753 Ἀβλοὶβιον
1073 1701 1246 1744 θεοειδέα
1278 1707 1386 1753 γαῖα
1421 1702 1653 1755 καλύπτει,

609 1781 678 1824 τὸν
708 1781 832 1834 φίλον
863 1781 1076 1824 ἀθανάτων
1109 1781 1305 1835 μακάρων
1337 1781 1559 1834 εὐδαίμονα
1590 1786 1739 1836 φῶτα,

610 1860 707 1915 πρός
740 1878 789 1904 τε
819 1860 904 1904 θεὸν
934 1862 1001 1905 τὸν
1035 1861 1169 1915 ζῶντα
1201 1861 1270 1905 καὶ
1305 1862 1400 1916 πρὸς
1433 1863 1578 1912 θνητῶν
1609 1863 1831 1921 ἀνθρώπων,

610 1941 796 1995 ζήσαντα
828 1941 898 1992 ἔτη
932 1943 991 1986 κε’
1022 1943 1061 1984 ἐν
1093 1943 1234 1997 εἰρήνῃ.

429 2023 615 2073 »Questa
658 2023 769 2066 bella
781 2024 861 2080 (‘?!)
903 2023 1147 2075 iscrizione,
1189 2024 1293 2066 dicit
1330 2024 1479 2076 editor,
1514 2025 1559 2067 fu
1591 2025 1663 2080 poi
1694 2027 2014 2068 erroneamente

428 2104 596 2159 copiata
631 2118 706 2159 per
737 2118 812 2146 uso
844 2104 888 2146 di
919 2120 978 2146 un
1009 2105 1117 2147 altro
1149 2105 1365 2160 sepulcro,
1399 2105 1453 2146 da
1478 2105 1546 2147 chi
1574 2119 1764 2161 neppure
1789 2119 2012 2161 compren-

428 2186 534 2227 deva
565 2184 629 2226 cio
660 2184 737 2226 che
767 2185 988 2240 copiava.’'

489 2264 591 2308 Non
623 2264 761 2320 magis
792 2279 871 2321 ego
901 2265 1120 2321 intellego,
1158 2265 1261 2321 quid
1293 2265 1348 2308 sit
1379 2280 1440 2308 vs.
1475 2266 1502 2307 3
1534 2265 1629 2319 πρὸς
1663 2290 1716 2297 —-
1749 2265 1831 2308 θεὸν
1862 2291 1915 2298 -
1943 2265 2014 2308 καὶ

428 2347 523 2399 πρὸς
555 2347 778 2400 ἀνθρώπων,
811 2348 855 2387 et
884 2346 1082 2388 iocularis
1115 2349 1178 2388 est
1211 2346 1397 2389 hominis
1429 2345 1661 2390 Christiani
1692 2347 1783 2388 laus
1814 2347 1861 2388 in
1892 2360 2014 2390 versu

429 2426 628 2468 secundo.
686 2425 876 2468 Pessima
923 2428 986 2468 est
1033 2428 1199 2477 autem,
1250 2426 1321 2468 sed
1369 2441 1496 2482 quam
1545 2440 1670 2469 nemo
1717 2427 1791 2482 qui
1832 2427 2013 2468 aetatem

428 2507 626 2562 respiciat
669 2506 907 2558 mirabitur,
949 2506 1155 2562 epitaphii
1198 2507 1518 2563 orthographia.
1561 2507 1706 2550 Habet
1747 2507 1860 2549 enim
1891 2521 1952 2550 vs.
1989 2506 2011 2548 l

428 2593 824 2643 reAKAATnTI,
857 2602 916 2630 VS.
952 2587 980 2630 2
1015 2593 1316 2630 ΕΤΔΘΜΟΝῙ
1349 2589 1390 2629 et
1421 2602 1483 2630 VS.
1518 2588 1544 2630 3
1577 2593 1660 2631 ΚΕ.

1152 2686 1288 2731 XCII.

488 2790 674 2846 Ibidem,
715 2756 771 2833 aa
790 2790 919 2841 1889,
961 2803 1059 2845 pag.
1093 2789 1181 2831 443
1223 2788 1511 2832 »Scavandosi
1553 2802 1629 2843 per
1673 2787 1716 2830 la
1749 2787 2016 2830 costruzione

427 2871 471 2913 di
514 2886 574 2913 un
604 2871 757 2926 ipogeo
790 2870 1017 2925 sepolcrale
1048 2883 1189 2925 presso
1222 2869 1253 2911 il
1286 2869 1429 2911 casino
1462 2869 1561 2911 dell’
1593 2868 1735 2910 antica
1768 2868 1900 2923 vigna
1931 2866 2014 2910 Ca-

428 2951 632 3002 racciolo,
677 2951 713 2993 si
753 2953 775 2993 e
816 2953 985 2994 trovata
1026 2965 1113 2992 una
1153 2950 1284 2992 lastra
1323 2950 1367 2992 di
1399 2963 1588 3001 marmo,
1620 2949 1698 2992 che
1729 2950 1853 3004 porta
1884 2948 2017 2991 incisa

431 3034 580 3087 questa
609 3031 850 3074 iscrizione:
