2138 3580
933 313 987 355 31

151 432 297 489 igitur·
317 432 519 476 Mnaseas
548 435 738 475 versatus
769 433 898 475 fuisse
928 433 973 474 in
1008 434 1245 476 carminum
1274 433 1598 477 Homericorum
1615 435 1751 478 inter-

149 513 404 569 pretatione.
440 512 626 556 Omnino
660 515 800 555 autem
835 513 939 564 fuit,
975 516 1024 556 ut
1055 515 1218 570 reliqua
1249 515 1428 566 docent,
1463 515 1591 558 homo
1625 516 1754 559 variis

150 594 315 638 artibus
347 594 563 645 eruditus,
598 608 676 636 nec
707 597 852 636 tamen
888 609 981 636 cum
1017 595 1231 638 Boeckhio
1263 597 1452 638 statuere
1486 596 1622 638 ausim
1655 611 1752 639 eum

149 677 338 718 carmina
368 677 596 725 didactica,
630 675 916 730 oosmologica
947 678 990 717 et
1017 677 1317 727 astronomica,
1345 676 1474 718 etiam
1493 677 1753 732 geometrica

147 757 447 812 composuisse.
481 754 606 799 Certe
637 756 682 798 id
714 770 803 797 non
838 756 1139 798 demonstrant
1170 757 1216 798 hi
1251 771 1421 800 versus:

331 835 360 894 ᾇ
391 838 467 886 μὲν
500 838 557 880 τοὶ
589 837 743 887 κόσμου
776 838 910 888 σεμνὰ
945 838 1014 879 καὶ
1050 838 1099 879 δι’
1133 839 1312 891 οὶστέρων

329 918 464 968 διῆλθε
497 918 576 961 τᾶν
608 918 796 969 πυρωπὸν
828 918 1137 971 οἱστεροδρόμων

329 1000 542 1052 κέλευθον,
574 998 603 1055 ᾇ
635 1000 693 1056 δὲ]
730 1000 801 1042 καὶ
837 1000 1047 1052 γεωμόρου
1079 1001 1239 1053 τέχναιν

331 1087 598 1135 γραμμαῖσιν
631 1081 905 1135 ἶχνεύτειραν.

147 1161 302 1218 quibus
341 1163 451 1206 nihil
495 1164 612 1206 aliud
654 1163 811 1206 dicitur
854 1178 985 1219 quam
1026 1163 1248 1206 Mnaseam
1280 1163 1348 1206 his
1381 1164 1545 1207 artibus
1578 1179 1750 1221 operam

149 1259 342 1289 navasse.

147 1412 250 1470 231,
271 1413 311 1456 7.
329 1412 473 1467 ἄρκεο,
509 1419 654 1468 μοῖραι,
689 1412 847 1456 θανόντι
879 1412 974 1467 νέῳ,
1010 1412 1157 1456 δίο-οων
1191 1414 1236 1471 (l.
1272 1413 1433 1469 διο-σῶν)
1467 1414 1508 1457 δὲ
1543 1416 1750 1467 συνοιίμων

393 1495 530 1547 φείδεο
561 1496 631 1538 xcx)
664 1495 810 1546 γονέων
845 1495 987 1547 Λοκρὸν
1021 1497 1200 1547 ἀπεῖργε
1232 1495 1405 1538 δοκόν.

149 1575 394 1618 Annotavit
425 1574 608 1632 Cougny
639 1576 781 1624 »δοκός
800 1608 810 1628 ,
844 1572 997 1628 telum,
1032 1592 1066 1619 s.
1099 1576 1238 1632 δόκος,
1272 1577 1464 1635 laqueus,
1499 1577 1752 1622 Archilochi

148 1658 262 1708 ›est‚
295 1671 374 1713 pro
406 1672 490 1714 quo
523 1659 670 1700 tamen
701 1657 856 1700 Kaibel
892 1657 1036 1711 μόρον,
1071 1657 1145 1699 ubi
1178 1657 1287 1713 lapis
1322 1660 1567 1702 ΔΟΚΟΤ·”
1595 1659 1751 1703 Archi-

148 1739 263 1782 lochi
288 1740 430 1782 locum
457 1740 635 1796 ignoro,
665 1741 738 1782 sed
766 1740 867 1783 novi
896 1755 948 1782 ex
974 1739 1280 1795 Aristophanis
1298 1746 1587 1792 Ταγηνισταις
1605 1757 1751 1798 gram-

148 1821 328 1864 maticos
370 1822 520 1864 afferre
563 1821 674 1864 δοκόν
718 1822 881 1864 dictum
915 1836 992 1877 pro
1027 1822 1239 1874 ἀγχονήν,
1271 1822 1399 1878 idque
1430 1822 1608 1866 fortasse
1637 1825 1753 1879 quod

146 1903 194 1945 in
226 1917 276 1945 ea
305 1902 452 1945 fabula
483 1917 620 1945 sermo
652 1903 736 1945 fuit
767 1903 818 1944 de
853 1903 997 1945 nescio
1030 1917 1139 1958 qu0‚
1172 1903 1246 1958 qui
1279 1918 1330 1946 ex
1358 1904 1479 1946 trabe
1506 1919 1549 1947 se
1575 1920 1751 1961 suspen-

148 1984 286 2034 derit;
316 1984 392 2027 ubi
423 1999 522 2027 vero
554 1985 680 2027 telum
704 1984 766 2026 ita
795 1984 958 2026 dictum
987 1985 1043 2026 sit
1060 1984 1201 2027 doceri
1215 1985 1432 2040 pervelim.
1453 1988 1584 2039 Μόρον
1604 2001 1752 2030 verum

146 2065 326 2110 videtur.
359 2065 525 2108 Ibidem
557 2081 618 2108 vs.
654 2066 680 2108 3
712 2080 774 2122 sq.
808 2065 966 2107 Mnem.
1005 2065 1120 2108 1882
1152 2081 1195 2122 p.
1231 2067 1317 2109 398
1350 2067 1410 2109 sic
1442 2068 1630 2111 tentavi:

332 2143 360 2202 ᾧ
392 2146 512 2202 γόον,
546 2148 626 2200 οὐχ
654 2147 867 2198 ὑμεναῖον,
903 2147 1214 2202 ἐδᾳδουχήσατο
1247 2148 1383 2200 μήτηρ

391 2230 562 2282 οἶκτρ[ῷ]
595 2227 702 2281 σ[ὺ]ν
735 2227 882 2280 γενέτῃ
915 2230 1107 2284 Χρυσίον,
1142 2228 1330 2282 ὤ[λ]ε[τ’]
1361 2228 1537 2282 ’(Ατος.

146 2309 276 2367 Lapis
303 2315 646 2353 ΩΔΕΣΛΤΟΣ.
673 2308 737 2352 Cf.
766 2309 933 2366 Kaibel,
962 2326 1004 2366 p.
1039 2311 1136 2353 164.
1156 2309 1237 2354 Sed
1254 2311 1396 2364 οἰκτροὶ
1415 2312 1575 2355 servari
1590 2314 1751 2368 potest.

149 2469 252 2521 234,
273 2469 313 2511 9.
333 2467 527 2521 Πάτρων,
561 2467 666 2512 ὅσσοι
699 2469 903 2520 βροτοῖο-ιν
938 2468 1142 2520 ἐράσμιοι,
1179 2471 1320 2512 πάντα
1356 2471 1566 2523 τέλεσσοι,

390 2548 498 2603 ὄφρα
531 2551 600 2592 κοιὶ
635 2551 674 2592 ἐν
707 2551 824 2604 Ἀΐδῃ
856 2553 1023 2603 τερπνὸν
1056 2550 1197 2604 ἔχοιμι
1230 2552 1384 2594 τόπον·

329 2631 476 2674 τᾶλλαι
509 2631 548 2674 δὲ
582 2632 725 2674 πάντα
759 2632 963 2688 λέλοιπα,
997 2632 1087 2675 καὶ
1125 2633 1164 2674 ἐν
1198 2633 1356 2683 νεότητι
1390 2634 1675 2684 κατ-ἕκτην

391 2713 559 2765 οἴχηται
593 2714 700 2762 πλὴν
732 2707 761 2755 ἃ
794 2714 915 2767 πρὶν
950 2714 1026 2767 ζῶν
1070 2715 1444 2766 οὲπεκοιρπισοὶμην.

143 2793 214 2837 Sic
253 2793 387 2837 edidit
428 2793 603 2845 Kaibel‚
648 2808 828 2837 monens
871 2797 1044 2838 tantum
1089 2797 1295 2846 κατ-ἕκτην
1338 2799 1583 2854 suspectum
1620 2799 1664 2840 et
1694 2797 1742 2839 in

143 2876 295 2920 ultimo
341 2890 465 2919 versu
511 2875 689 2919 fortasse
737 2876 827 2928 πρὶν
873 2878 1181 2933 interpolatum
1229 2893 1331 2922 esse.
1376 2878 1520 2922 Verba
1564 2879 1745 2922 obscura

143 2961 269 3010 sunt,
303 2959 375 3000 sed
408 2972 678 3014 nequaquam
710 2958 939 3015 legendum
972 2973 1069 3001 cum
1106 2959 1268 3002 editore
1301 2960 1555 3004 Parisiensi:

333 3037 479 3082 τᾶλλα
511 3040 552 3082 δὲ
586 3040 734 3083 πάνθ’
769 3035 797 3083 ἃ
830 3039 1011 3083 λέλοιπα
1048 3040 1136 3082 κτὲ.
