2138 3580
901 334 956 377 45

975 458 1090 500 ἘντΙ
1119 473 1190 500 τευ
1223 456 1355 509 δόμοις

317 546 453 590 nan-3
496 566 539 572 -
578 534 618 582 ὃν
649 539 767 594 τύχᾳ
798 555 849 591 γε
883 540 1049 590 τερπνόν
1083 539 1120 587 ἐς
1154 538 1247 590 βίου
1279 538 1394 585 τέλος

315 622 481 676 γέρως
515 621 796 674 ποδάγέτησοι.

133 705 216 750 Sed
247 705 519 762 intellegam:
552 704 714 761 γέρ[ων]
749 702 1034 755 ποδαγέτησα.

132 842 234 900 454,
255 842 294 886 3.
313 842 448 886 πόσων
478 842 521 886 δὲ
553 841 731 891 θνήσκεις
766 846 864 884 τῶν
898 841 1009 884 ἐτῶν.
1047 848 1089 884 Β.
1126 841 1182 889 δὶς
1218 842 1377 884 εἴκοσιν.

133 924 228 967 Imo
269 938 368 967 vero
403 922 463 966 ὢν
495 923 623 966 ἐτῶν
657 924 788 979 (quod
819 923 904 965 iam
937 923 1099 966 correxi
1132 922 1290 966 Mnem.
1327 921 1466 978 1882,
1502 923 1630 979 392),
1667 927 1716 967 ut

133 1007 198 1050 ost
228 1020 268 1049 v.
287 1021 323 1051 0.
358 1005 469 1058 504,
504 1005 532 1048 2

316 1088 549 1141 άρτΙγάμος
586 1088 703 1140 κούρη
736 1086 881 1130 εἴκοσιν
912 1085 1015 1130 οὖσ’
1050 1086 1181 1129 ἐτέων.

133 1227 237 1283 453,
254 1227 296 1272 4.
314 1228 387 1276 τὴν
417 1227 452 1269 δ’
484 1224 548 1278 ἄρ’
582 1226 683 1276 ἐμὴν
715 1225 887 1274 νεότητά
919 1226 1056 1277 πατὴρ
1091 1223 1362 1275 Ποιιδέρως
1398 1223 1658 1277 ἐνέγραψας·

132 1308 335 1365 Imperite
377 1305 559 1364 Gougny
591 1307 824 1360 »ΠαΙδερως
859 1307 950 1360 (sic)
980 1321 1057 1362 per
1087 1288 1305 1362 syneopen
1339 1308 1581 1362 spondaeus
1613 1307 1720 1351 est.”

131 1389 439 1448 Diphthongus
482 1395 566 1440 AI,
606 1389 887 1446 pronuntiata
930 1392 979 1431 ut
1016 1394 1050 1431 E
1093 1403 1118 1431 a
1159 1387 1423 1444 sequioribus
1455 1388 1575 1441 istis,
1607 1389 1719 1432 haud

131 1473 194 1516 ita
234 1487 331 1516 raro
374 1471 603 1528 corripitur
646 1471 791 1528 itaque
833 1485 990 1514 nomen
1032 1470 1164 1513 habet
1207 1470 1430 1526 anapaesti
1462 1485 1721 1517 mensuram.

133 1552 199 1598 Cf.
243 1553 332 1597 293
374 1553 586 1604 ἕπΙκειμάι
620 1553 817 1607 (absurde
850 1551 1032 1609 Cougny
1064 1551 1175 1601 τήνδ’
1210 1554 1423 1603 ἐπίκειμοιι
1457 1553 1558 1595 κόνιν
1593 1554 1724 1596 vertit

133 1637 244 1681 hocce
283 1651 406 1695 super
444 1638 551 1680 iaceo
593 1650 671 1692 pro
715 1637 822 1679 iaceo
854 1636 926 1678 sub
959 1636 1030 1678 hoc
1055 1635 1222 1693 pulvere
1255 1633 1319 1679 Of.
1357 1634 1468 1686 715,
1505 1635 1570 1687 6),
1606 1636 1719 1687 438,

136 1719 164 1762 3
195 1722 356 1768 πλῆσαι
397 1717 491 1772 (ubi
532 1716 815 1760 Rhunkenius
846 1719 1002 1760 temere
1035 1717 1223 1773 πλῆσαι),
1257 1716 1341 1758 alia
1373 1717 1520 1761 multa.
1556 1743 1613 1749 —
1650 1717 1718 1761 Vs.

135 1801 162 1844 3
203 1800 316 1843 idem
341 1795 493 1842 'editor
523 1798 739 1855 praeclare
770 1814 859 1842 rem
891 1813 1036 1855 gerere
1067 1799 1147 1842 sibi
1190 1799 1303 1841 visus
1335 1802 1400 1842 est
1430 1814 1508 1855 pro
1539 1802 1613 1848 τὴν
1647 1801 1720 1852 ἔγ-

133 1897 248 1934 γονον
280 1881 495 1938 »reposito
527 1896 603 1938 per
634 1881 983 1924 assimilationem
1015 1882 1058 1923 et
1089 1881 1229 1924 orasin
1261 1881 1463 1932 τήγγονον
1496 1882 1615 1936 (sie!)
1646 1896 1721 1925 vo-

132 1962 330 2008 cabulo.‘’
377 1961 498 2007 Vitia
541 1962 718 2006 metrica
764 1963 809 2004 in
857 1962 1083 2005 deterrimo
1127 1962 1344 2019 epitaphio
1373 1963 1505 2018 ipsius
1537 1964 1723 2007 auctoris

133 2045 238 2102 quin
270 2044 360 2088 sint
389 2044 584 2088 dubitare
615 2044 717 2088 noli.

132 2171 235 2225 465,
253 2172 294 2216 2.
312 2172 472 2221 Πάντες
507 2174 590 2225 γάρ
624 2174 672 2223 μ’
706 2172 867 2215 ἐπόθουν
878 2205 889 2224 ,
925 2172 1030 2223 ἥμην
1063 2173 1147 2226 γάρ
1181 2175 1285 2215 πᾶσι
1318 2173 1537 2230 προσηνής,

313 2254 384 2298 κά)
417 2253 649 2307 στεφάνους
683 2254 872 2310 ἐφόρουν,
905 2260 1072 2301 πολλοῖς
1106 2254 1147 2297 δὲ
1181 2255 1360 2307 μύροισιν
1395 2255 1613 2308 ἐχρώμην,

314 2337 382 2379 καὶ
416 2337 528 2388 μετὰ
561 2336 700 2389 δορπὸν
732 2336 959 2387 ἐκοιμώμην
986 2338 1145 2390 κλισμῷ
1178 2336 1231 2379 ἐνὶ
1265 2338 1402 2390 καλῷ,

314 2418 532 2470 ἕνδεδύμην
565 2418 606 2461 δὲ
639 2418 686 2462 τό
718 2420 843 2475 σῶ[μ’
878 2419 917 2460 ἔν
949 2418 1172 2475 άθύρμά]σι
1204 2420 1398 2472 χρώμασι
1431 2420 1544 2466 θείοις

314 2499 494 2550 κάλλους
529 2499 686 2554 ἔχουσά
718 2500 902 2558 τύποισι,
938 2505 1080 2554 ταφῆς
1115 2499 1263 2555 ἔτυχον
1297 2502 1410 2552 μετὰ
1441 2505 1585 2558 τοῦτο,

317 2583 387 2626 καὶ
421 2582 472 2636 ζῶ
505 2584 602 2626 κούκ
634 2582 769 2626 ἔθανον
801 2588 903 2626 τοῖον
936 2582 1094 2636 ἔχουσά
1126 2582 1276 2637 τάφον.

134 2664 204 2708 Ita
233 2665 450 2722 supplevit
479 2665 641 2708 scilicet
672 2663 874 2721 Oougny,
909 2665 976 2707 cui
1010 2663 1227 2707 Welckeri
1253 2664 1593 2721 supplementum
1614 2666 1720 2717 σῶμ’

137 2748 176 2790 ἐν
220 2747 421 2798 ἐσθήμασι
465 2746 692 2789 barbarum
736 2747 927 2802 videtur,
971 2746 1130 2789 addens
1176 2746 1312 2789 conici
1356 2747 1483 2789 etiam
1528 2761 1651 2803 posse
1684 2747 1722 2789 ἐν

135 2829 330 2884 χάρμοισι
380 2829 447 2872 vel
495 2829 535 2871 ἐν
583 2829 818 2880 mimam.
869 2827 1024 2871 Omnia
1065 2842 1132 2870 me
1164 2828 1302 2871 iudice
1336 2843 1469 2885 aeque
1501 2829 1648 2886 inepte
1681 2831 1724 2872 et

134 2911 316 2954 deterius
362 2925 490 2967 quam
538 2925 662 2967 quem
711 2910 847 2966 carpit
894 2910 1064 2952 criticus
1112 2909 1361 2953 Germanus.
1407 2909 1580 2953 Certum
1622 2925 1724 2953 sane

136 2993 365 3037 meretricii
411 2993 537 3036 huius
578 2992 786 3049 epitaphii
828 2992 1170 3048 s'upplementum
1203 3007 1329 3036 nemo
1361 2993 1484 3036 facile
1516 2994 1720 3050 reperiet,

138 3079 211 3120 sed
241 3079 340 3135 apte
372 3075 522 3119 saltem
555 3075 692 3118 conici
723 3077 883 3131 potest:
