2138 3580
1154 336 1241 380 122

443 498 446 503 ,
525 457 557 507 β
591 458 819 506 Λυσικλέης
854 458 937 501 τόδ’
969 457 1157 511 ἄγαλμα
1188 475 1287 504 συν.
1308 492 1317 503 .
1336 466 1685 505 oNToNeTm.

646 539 726 580 υἱεῖ
757 537 926 589 Δεξιππ
945 572 954 582 .
975 571 983 582 .
1003 540 1177 592 νεύματι
1211 545 1431 596 Κεκροπίης
1449 576 1460 599 ,

585 617 744 671 ο[ὕνεκοι
809 650 820 663 .
884 652 893 662 .
959 652 968 663 .
1035 653 1044 663 .
1110 654 1118 664 .
1184 655 1193 665 .
1259 641 1269 666 ;
1301 633 1350 666 λε
1382 622 1504 672 πόληι

649 706 999 743 ΛΛΙΛιΑιΛΟΛ
1021 733 1030 744 .
1051 708 1152 745 CTC
1171 735 1180 745 .
1202 736 1211 745 .
1233 736 1241 746 .
1262 709 1534 747 oNoNeCT
1554 736 1562 746 .
1583 736 1591 746 .
1613 709 1819 746 ONOTc.

406 779 632 821 Pertinent
668 779 771 822 haec
803 781 1111 836 epigrammata
1142 785 1196 825 ad
1227 783 1500 827 historiarum
1532 784 1779 839 scriptorem
1812 783 1986 827 notissi-

407 874 522 901 mum
565 860 764 902 Publium
809 860 1041 904 Erennium
1085 863 1324 919 Dexippum
1364 864 1596 907 Ptolemaei
1626 864 1681 914 f.,
1722 863 1796 920 qui
1825 878 1861 906 a.
1897 863 1984 907 269

407 938 570 982 Gothos
599 940 646 982 in
677 941 864 983 Atticam
896 942 1159 985 incurrentes
1190 943 1301 986 fudit
1332 944 1596 1000 fugavitque.

466 1020 518 1062 In
551 1021 800 1063 tetrasticho
832 1022 942 1064 nihil
973 1023 1117 1073 video,
1152 1024 1236 1066 nisi
1266 1040 1291 1067 a
1323 1025 1408 1067 fine
1438 1039 1583 1068 versus
1615 1025 1733 1068 tertii
1757 1025 1984 1069 manifeste

404 1100 534 1142 fuisse
577 1099 700 1149 πόληι
743 1102 899 1157 (editor
931 1113 1104 1152 λεποληι
1135 1104 1282 1161 dedit).
1323 1105 1398 1147 Vs.
1436 1107 1456 1146 1
1490 1105 1666 1147 ultimae
1697 1105 1865 1148 litterae
1895 1120 1984 1149 non

403 1182 515 1221 recte
557 1181 766 1236 descripta
808 1182 1018 1225 videntur.
1063 1183 1189 1225 Haud
1225 1185 1349 1227 dubie
1380 1185 1592 1227 sententia
1623 1185 1726 1227 haec
1758 1185 1875 1248 fuit-..3
1897 1185 1984 1242 Ly-

402 1259 546 1302 siclem
595 1263 637 1303 et
684 1261 924 1317 Dexippum
972 1264 1084 1318 patri
1131 1278 1204 1306 suo
1258 1265 1426 1320 publice
1473 1267 1656 1308 statuam
1702 1266 1889 1321 posuisse
1927 1266 1984 1309 ob

400 1340 666 1383 Athenarum
696 1343 843 1384 urbem
877 1358 901 1385 a
932 1343 1172 1386 Gothorum
1203 1345 1365 1400 impetu
1398 1346 1630 1388 defensam.
1678 1346 1779 1389 Sine
1811 1347 1984 1390 meliore

401 1421 646 1477 apographo
694 1423 785 1477 ipsa
831 1424 959 1466 verba
1000 1425 1166 1466 restitui
1209 1439 1298 1467 non
1338 1428 1532 1481 possunt.
1581 1426 1646 1468 De
1688 1426 1883 1493 Dexippo
1927 1426 1983 1470 cf.

400 1499 513 1557 App.
547 1502 683 1545 Anth.
716 1502 737 1544 I
772 1504 857 1547 319
877 1517 924 1539 z
945 1505 1030 1547 878
1065 1519 1131 1560 ap.
1165 1504 1290 1547 Kaib.

1106 1640 1290 1684 LXXII.

461 1749 640 1805 Ephem.
684 1750 815 1792 Arch.
861 1751 977 1794 1883
1014 1767 1057 1807 p.
1091 1720 1163 1796 25.
1208 1752 1427 1809 Epidauri.
1469 1753 1553 1795 Tit.
1597 1754 1704 1796 med.
1750 1767 1830 1796 sec.
1863 1753 1906 1796 II
1937 1770 1980 1811 p.

401 1828 500 1872 Chr.
533 1830 681 1874 Edidit
711 1831 968 1876 Kabbadias.

583 1913 676 1960 Ζηνὶ
710 1913 778 1955 καὶ
813 1913 959 1967 Ἠελίῳ
993 1914 1062 1956 καὶ
1097 1916 1222 1956 πᾶσιν
1256 1914 1531 1967 οὶειγενέεσσιν

581 1993 820 2046 ὀλβοδόταις
855 1995 923 2037 καὶ
957 1996 1186 2047 ἐλευθερίοις
1221 1995 1288 2038 καὶ
1323 1996 1590 2039 λυσιπόνοισιν

580 2076 822 2127 ἱεροφάντης
857 2073 959 2126 εἷς,
995 2076 1082 2129 ὁσίῃ
1116 2075 1304 2118 θεοπειθέι
1336 2076 1478 2131 γαίων,

582 2155 777 2207 Διογένης
813 2159 944 2205 Δηοῦς
978 2143 1176 2208 πρόπολος
1211 2157 1405 2206 noemam
1439 2158 1545 2210 ἱρεὺς

580 2235 656 2288 ροδ’
689 2234 769 2277 ἔτει
802 2237 1081 2288 ἱεροπολήσοις.

461 2314 535 2357 Vs.
581 2316 669 2358 3tio
719 2316 942 2358 obscurum
983 2319 1048 2358 est
1088 2313 1167 2372 εἷς,
1202 2317 1316 2372 quod
1347 2317 1593 2359 Kabbadias
1623 2317 1741 2368 μόνος
1773 2317 1983 2372 interpre-

400 2397 530 2438 tatur.
562 2395 852 2451 Expectabam
886 2398 1062 2452 Η(ῖ[Θ]’,
1097 2395 1193 2451 ἦσθ’,
1233 2398 1346 2452 quod
1379 2399 1523 2439 tamen
1554 2411 1757 2452 reponere
1782 2412 1872 2440 non
1889 2412 1982 2440 sum

402 2490 551 2527 ausus,
594 2477 666 2518 sed
710 2476 899 2519 θεοπειθέι
928 2492 1009 2532 ,pro
1042 2478 1239 2520 θεοπειθεῖ
1266 2478 1447 2520 scribere
1478 2493 1567 2520 non
1600 2478 1805 2521 dubitavi.
1836 2478 1889 2520 In
1916 2492 1982 2520 se-

401 2556 550 2611 quenti
603 2570 724 2598 versu
768 2571 790 2598 e
831 2557 972 2612 lapide
1012 2558 1206 2601 revocavi
1246 2558 1350 2610 ἱρεὺς
1373 2555 1470 2614 'pro
1514 2558 1665 2612 ἱερεύς,
1707 2573 1814 2614 quae
1856 2558 1980 2601 lectio

402 2638 582 2678 metrum
615 2639 874 2691 pessumdat.

1091 2771 1293 2815 LXXIII.

458 2871 622 2914 Ibidem
655 2886 754 2928 pag.
792 2873 890 2915 190.
923 2873 1092 2915 Titulus
1125 2874 1394 2928 pervetustus
1423 2873 1469 2915 in
1502 2873 1663 2915 haltere
1689 2873 1888 2928 plumbeo
1914 2887 1982 2915 re-

399 2953 545 3006 pertus
578 2951 803 2994 Salamine.
837 2952 988 2995 Edidit
1018 2953 1196 2995 Philios.

582 3031 804 3083 Ἃλόμενος
838 3033 994 3081 νίκησεν
1023 3038 1033 3088 ξ
1068 3034 1308 3081 Ἐπαίνετος
1343 3031 1486 3076 οὕνεκα
1520 3033 1634 3076 τοῦδε
1707 3041 1759 3076 A.
