2138 3580
0 445 4 587 Ι

943 305 999 346 39

170 427 272 479 347,
292 426 332 470 5.
353 427 518 480 Ματέρι
553 427 690 474 πένθος
723 425 853 480 ἔφυς,
886 427 1004 469 λύπαι
1037 427 1166 478 πατρί
1182 442 1189 450 ·
1223 423 1287 468 οἶοι
1323 425 1362 468 δὲ
1397 419 1551 477 δένδρου

347 509 451 552 nasu
486 513 552 551 νῦν
585 508 787 557 ἐκλάσθης
826 507 1077 560 ἔνδρομος
1110 509 1166 554 εἷς
1199 507 1361 550 Ἀΐδαν.

166 589 295 647 Lapis
336 596 646 641 ΕΔΡΟΜΟΣ,
694 591 806 632 unde
850 589 1003 632 Kaibel
1047 590 1164 632 dedit
1206 589 1467 641 ἔκτομος,
1513 591 1628 645 quod
1661 589 1767 631 mihi

166 674 266 728 post
312 671 514 721 ἐκλεξα-6ης
564 671 774 727 displicet.
836 671 1030 714 Conieoi:
1082 671 1339 728 ἔ[κ]δρομος,
1392 673 1440 713 ut
1487 670 1769 727 intellegatur

167 770 312 797 ramus
342 755 489 798 laetius
516 769 796 813 procrescens,
831 767 955 809 quem
989 753 1242 795 hortulanus
1274 754 1497 808 amputat3
1530 751 1767 795 Boeekhia-

168 851 273 879 num
306 834 488 888 ἓνδρομος
525 849 614 878 non
644 834 863 890 intellego.

171 993 282 1045 353,
302 993 343 1036 6.
373 993 412 1034 ἐν
442 996 621 1039 Μινυαῒς
642 996 789 1044 Φῶτοις
809 993 870 1034 ἐπ
885 1009 912 1034 οι
925 993 942 1034 θ
956 1002 981 1034 λ
994 1008 1011 1033 ο
1026 1008 1076 1034 κο
1090 1009 1122 1040 μ
1135 998 1224 1038 εἷς.
1244 992 1569 1048 Agonothetam
1586 993 1632 1034 in
1651 990 1765 1035 Cha-

164 1068 319 1118 ritesiis
345 1074 563 1117 hominem
588 1073 716 1116 fuisse
743 1075 869 1129 putat
895 1073 1060 1116 Kaibel.
1078 1073 1287 1129 Equidem
1305 1074 1472 1116 collatis
1489 1075 1734 1124 ἱπποκομεῖν
1750 1105 1761 1124 ,

170 1157 435 1207 παιδοκομεῑν
477 1155 772 1211 similibusque
817 1155 1013 1198 existimo
1048 1156 1318 1198 humiliorem
1350 1155 1480 1199 fuisse
1513 1156 1766 1200 Philocratis

170 1237 460 1282 conditionem
494 1240 538 1280 et
571 1238 818 1280 exercendis
851 1236 1026 1279 athletis
1059 1251 1252 1287 vacasse,
1286 1237 1560 1293 paedotribae
1592 1252 1767 1280 munere

167 1321 363 1364 functum
385 1352 396 1370 ,
429 1319 544 1375 quod
577 1318 706 1361 etiam
740 1318 876 1374 magis
907 1320 1110 1361 convenit
1142 1319 1309 1361 homini
1341 1320 1582 1375 peregrino.

156 1490 157 1493 ’
231 1488 319 1533 354
332 1476 347 1541 ‚⁵
379 1489 401 1532 1
437 1502 500 1544 sq.
533 1487 635 1531 Non
665 1488 886 1544 intellego.

1054 1580 1082 1601 ὁ

170 1657 272 1709 356,
293 1653 475 1700 1.Εἶσεν
509 1657 605 1710 ἀνὴρ
638 1657 801 1705 πινυτὸς
835 1663 881 1700 M
894 1662 1003 1706 ῖσις
1039 1659 1123 1701 κτέ.

165 1738 204 1782 Ε
235 1738 376 1796 lapide
416 1737 571 1781 Kaibel
612 1739 729 1781 dedit
771 1746 991 1792 Μεῒσις,
1037 1740 1115 1783 sub
1147 1755 1232 1796 qua
1263 1740 1476 1796 scriptura
1506 1740 1639 1782 latere
1670 1754 1762 1782 sus-

164 1821 283 1877 pieor
329 1819 551 1878 Μεῒ[ξ]ις,
600 1821 714 1876 quod
763 1835 920 1864 nomen
968 1822 1014 1864 in
1061 1822 1187 1864 titulo
1235 1823 1481 1878 pervetusto
1528 1821 1764 1877 Corcyraeo

162 1892 310 1946 ’exstat
341 1905 456 1959 apud
489 1902 702 1946 Cauerum
734 1919 777 1959 p.
812 1903 868 1946 33
902 1904 969 1960 (Ξ
1004 1903 1140 1948 Anth.
1175 1919 1274 1960 app.
1308 1903 1377 1954 II,
1412 1903 1471 1960 2).
1521 1895 1765 1959 Coguntum

164 1988 230 2029 est
258 1983 438 2035 Μειξίοις
470 1984 517 2027 in
550 1984 689 2027 bonae
723 1985 877 2028 aetatis
909 1985 1037 2028 titulo
1072 1985 1107 2029 I.
1140 1986 1194 2030 A.
1229 1985 1274 2028 II
1309 1985 1410 2028 525.

171 2153 273 2206 360,
293 2154 335 2198 7.
1077 2154 1202 2202 ἠΐθεος
1237 2153 1279 2196 δὲ

347 2234 474 2291 ᾤχετ’
508 2234 615 2288 ἔχων
646 2234 757 2278 οὐδὲν
791 2236 899 2283 πλὴν
935 2235 1102 2287 δάκρυον
1137 2236 1209 2289 πρὸ
1243 2236 1396 2289 τάφου.

167 2314 322 2360 Procul
354 2316 484 2359 dubio
518 2317 669 2366 ἠΐθεος,
703 2317 732 2360 i.
750 2332 786 2359 e.
820 2318 1068 2368 adolescens,
1104 2318 1292 2373 pertinet
1326 2318 1379 2360 ad
1411 2317 1549 2360 filium
1576 2332 1764 2361 comme-

169 2400 381 2441 moratum
424 2413 485 2442 vs.
531 2399 579 2451 6,
626 2413 715 2441 non
748 2398 888 2442 hercle
918 2402 972 2442 ad
1004 2400 1216 2443 lactentem
1243 2416 1424 2458 puerum
1458 2401 1504 2457 (3
1537 2402 1643 2458 sq.)‚
1677 2414 1762 2457 quo

169 2480 301 2523 refert
332 2479 540 2536 Oougny,
572 2484 741 2523 vertens
767 2482 982 2539 puerulus.
1019 2481 1130 2524 Male
1162 2482 1275 2524 idem
1308 2482 1509 2524 distinxit
1541 2497 1602 2526 vs.
1621 2481 1648 2524 2
1666 2483 1766 2538 post

170 2560 354 2605 κατέθου.
389 2560 457 2605 Of.
490 2562 668 2613 Kaibel,
701 2578 743 2618 p.
779 2562 879 2606 262.

170 2719 258 2763 364
274 2719 303 2762 b
318 2752 330 2775 ‚
349 2719 391 2762 2.
898 2720 1105 2772 Φθέγξομ’
1138 2722 1392 2774 ἀριφραδέως
1409 2737 1417 2746 ·

264 2863 267 2866 .
353 2800 552 2850 ἦιθέοις
586 2802 670 2854 γὰρ
703 2801 823 2844 ἔδωκε
857 2802 940 2848 θεὸς
974 2803 1089 2853 μετὰ
1121 2808 1264 2855 μοῖραν
1299 2803 1454 2856 ὀλέθρου

352 2883 403 2928 ὦς
437 2880 576 2935 ζώουσι
610 2888 756 2925 λαλεῖν
790 2887 916 2926 πᾶσιν
950 2885 1205 2937 ἐπιχθονίοις.

169 2962 360 3006 Titulum
390 2963 512 3006 valde
541 2964 817 3020 depravatum
846 2980 871 3007 a
897 2966 1043 3008 multis
1070 2969 1302 3009 tractatum
1328 2982 1417 3010 esse
1434 2968 1539 3010 dicit
1556 2966 1762 3025 Cougny‚

171 3045 243 3087 sed
275 3044 470 3087 nominat
502 3047 670 3101 praeter
699 3046 880 3102 primurn
915 3048 1118 3109 editorem
1148 3047 1354 3091 Conzium
1372 3049 1509 3091 solum
1527 3049 1770 3092 Kaibelium
