2138 3580
1187 374 1244 418 82

432 497 476 541 Si
508 496 680 550 ἄραντες
713 497 842 540 habet
872 498 1002 553 lapis,
1043 498 1255 554 significat
1280 499 1482 556 profecti,
1515 499 1627 553 quod
1659 499 1728 542 vix
1762 501 1907 556 aptum
1941 501 2007 544 vi-

433 580 567 621 detur.
601 580 667 620 An
699 578 810 620 forte
837 577 882 619 in
914 578 1052 633 lapide
1083 580 1145 621 est
1177 576 1400 632 ἅΠοιντ-εςῗ

465 735 549 778 116
567 736 622 778 σι’.
656 739 728 789 'Op
748 768 756 778 .
776 768 815 777 ..
847 735 1042 788 φύλασσε
1073 739 1143 777 τοῦ
1176 736 1256 783 νοός
1289 753 1359 778 σου
1392 737 1468 782 τὰς
1502 737 1678 789 Φρένοις,
1711 737 1793 779 κτὲ.

430 815 616 857 Bandini
656 816 886 871 »Reliquas
929 817 1052 859 huius
1094 817 1253 872 primae
1293 817 1406 859 vocis
1448 817 1613 859 litteras
1660 817 2006 860 evanescentibu-

430 897 604 939 minime
635 897 839 952 expiscari
869 898 1032 942 licuit’'.
1065 897 1269 941 Attamen
1303 901 1372 940 τοῦ
1401 899 1482 946 νοὸς
1515 903 1607 945 ταῖς
1639 900 1779 952 φρεσίν
1804 898 1849 940 id
1874 888 2010 942 facere

429 977 606 1029 licebat3
650 978 758 1020 nulli
807 978 920 1020 enim
952 979 1025 1021 alii
1056 979 1261 1021 vocabulo
1295 979 1355 1021 sic
1386 978 1608 1035 incipienti
1639 978 1756 1022 locus
1787 980 1852 1021 est
1880 964 2008 1035 quam

433 1058 632 1101 adverbio
664 1060 682 1101 ὃ
695 1059 835 1112 ρθῶς.

492 1223 655 1266 Ibidem
686 1225 734 1275 δ’,
756 1225 810 1267 10
1278 1225 1336 1275 μὴ
1368 1225 1564 1277 μάχαιραι
1595 1230 1668 1274 τῆς
1700 1224 1811 1273 δίκης

642 1306 872 1358 στίλβουσαν
904 1307 972 1349 καὶ
1006 1306 1209 1356 τέμνουσαι
1242 1307 1453 1359 ῥομφαίας
1488 1305 1610 1348 πλέον

643 1386 785 1442 σφάξῃ
815 1388 968 1441 Φάγῃ
1000 1404 1054 1429 τε
1086 1387 1233 1440 μέχρις
1268 1389 1399 1429 αὐτῶν
1430 1387 1576 1430 ὀστέων
1610 1388 1693 1429 κτὲ.

433 1467 551 1510 Licet
589 1468 693 1510 mire
735 1469 894 1510 dictum
936 1469 992 1511 sit
1022 1469 1072 1510 de
1106 1468 1248 1524 gladio
1281 1469 1406 1522 φάγῃ
1438 1470 1480 1510 et
1510 1468 1557 1510 in
1587 1470 1786 1524 promptu
1818 1468 1874 1510 sit
1904 1481 2010 1510 con-

432 1549 594 1591 iectura
636 1556 907 1601 παγεῖσα,
951 1550 1040 1591 noli
1083 1551 1226 1591 tamen
1269 1542 1331 1590 in¹
1356 1549 1503 1604 inepto
1538 1548 1617 1591 hoc
1651 1548 1886 1591 Eusumu
1915 1548 2011 1591 Ico-

432 1629 591 1671 niensis
622 1630 833 1685 poematio
860 1630 1092 1685 quidquam
1119 1644 1288 1672 novare.
1323 1629 1429 1672 Cum
1456 1629 1597 1685 gladio
1627 1629 1783 1672 Graece
1799 1629 2012 1672 tribuatur

433 1711 595 1765 στόμα,
628 1711 876 1766 metaphora
909 1710 1170 1752 tolerabilior
1200 1712 1265 1752 est
1295 1725 1421 1766 quam
1452 1711 1590 1766 prima
1621 1710 1727 1753 facie
1757 1710 1937 1752 videtur.

500 1875 596 1919 132.
645 1876 818 1930 Χοὲζεό
849 1894 958 1929 μοι,
992 1877 1195 1929 βασιλεῦ,
1230 1877 1298 1919 καὶ
1333 1877 1467 1920 ἄπνοος
1500 1876 1670 1930 πέφρικε
1702 1877 1856 1930 ῥεῖθρα·

705 1957 869 2010 ἅψομαι
901 1959 970 2001 καὶ
1003 1963 1071 2012 (z
1089 1958 1147 2012 κ’)
1180 1959 1363 2011 οὐρανίων
1396 1959 1613 2010 οὶγνοτὲρης
1648 1963 1836 2011 κορυφῆς.

556 2047 600 2081 Β.
650 2040 815 2092 Χοέζεο
848 2042 917 2081 σοῦ
949 2040 1176 2091 βασιλῆος,
1211 2040 1279 2081 καὶ
1313 2040 1442 2086 σθένος
1476 2037 1639 2081 ὕστατοι
1669 2038 1806 2090 δείξω,

706 2123 770 2161 νῦν
804 2119 845 2161 δὲ
876 2117 971 2167 ἕλην
1004 2120 1188 2173 ε’φετμὴν
1220 2120 1436 2171 ἀνδρομέην
1469 2119 1631 2163 τελέθω.

431 2200 576 2242 'Verba
605 2201 804 2255 obscura.⁷
838 2202 908 2242 ssd.
937 2204 1080 2242 tamen
1113 2215 1315 2256 apparere
1346 2201 1524 2251 videtur,
1555 2201 1680 2243 initio
1713 2200 2010 2256 corrigendum

433 2295 541 2323 esse:
577 2281 754 2334 Λάζεό
786 2283 851 2335 μ’,
884 2279 911 2322 ὦ
944 2281 1148 2332 βασιλεῦ,
1184 2282 1269 2323 κτὲ.

491 2363 655 2419 Nempe
699 2365 894 2418 peccator
940 2361 1157 2406 Christum
1205 2377 1325 2405 orare
1372 2363 1552 2414 videtur,
1602 2365 1649 2405 ut
1693 2376 1822 2405 manu
1868 2362 2008 2419 ipsum

432 2443 668 2499 prehendat
677 2457 687 2495 ;
730 2443 791 2485 ita
833 2443 946 2485 enim
979 2444 1116 2485 sedari
1148 2443 1261 2485 vitae
1292 2444 1517 2499 procellas,
1553 2446 1596 2485 et
1625 2458 1743 2499 spem
1776 2457 1886 2495 esse,
1918 2443 2008 2486 fore

436 2527 484 2566 ut
514 2539 652 2566 rerum
684 2524 923 2566 coelestium
954 2524 1167 2579 puriorem
1197 2524 1395 2566 verticem
1428 2525 1628 2579 attingat.
1656 2524 1730 2567 Vs.
1761 2524 1788 2566 2
1815 2537 2005 2580 pronun-

432 2606 493 2647 tia
534 2604 689 2658 ἅψομε.
737 2605 809 2648 Vs.
857 2607 882 2647 3
914 2620 977 2661 sq.
1019 2607 1273 2660 respondere
1316 2606 1481 2647 videtur
1529 2605 1739 2660 peccatori
1786 2604 2003 2649 Christus:

433 2685 507 2729 »Si
547 2702 572 2728 a
613 2690 711 2740 (me)
754 2699 851 2741 rege
892 2689 966 2727 tuo
1008 2685 1247 2741 recesseris,
1292 2685 1377 2728 vim
1420 2701 1554 2728 meam
1587 2690 1647 2740 (et
1676 2685 1800 2738 iram)
1830 2685 2003 2727 tandem

431 2767 665 2822 experiere3
713 2781 828 2809 nunc
874 2781 971 2808 vero
1017 2767 1130 2821 (cum
1180 2779 1303 2821 opem
1347 2781 1483 2808 meam
1525 2766 1744 2822 imploras)
1798 2765 2002 2821 quidquid

430 2847 556 2889 homo
589 2862 613 2889 a
645 2862 711 2889 me
741 2848 850 2903 petis
881 2846 1127 2902 exsequor.'’
1159 2845 1226 2887 Ad
1258 2861 1318 2889 vs.
1353 2848 1380 2890 3
1411 2847 1462 2889 cf.
1501 2847 1597 2897 136,
1619 2849 1660 2890 4.

494 3003 592 3054 143,
611 3003 650 3045 2.
683 3002 778 3045 Nisi
807 3003 915 3045 forte
946 3003 990 3045 hi
1017 3018 1158 3046 versus
1185 3006 1286 3046 sunt
1311 3003 1494 3059 politici,
1523 3005 1802 3057 transponere
1817 2995 2016 3057 poteris}

642 3090 678 3138 φ
691 3101 718 3125 ω
730 3084 816 3131 τὸς
848 3101 874 3126 τ
885 3101 904 3137 ρ
917 3085 931 3127 ι’
942 3102 966 3127 τ
980 3101 998 3128 ο
1010 3102 1032 3127 υ
1065 3086 1217 3139 φώτιζε
1249 3086 1316 3127 τὸν
1347 3085 1503 3138 τριττὸν
1537 3083 1658 3138 ζόφον
