2138 3580
942 296 1024 339 141

181 420 297 476 quod
337 419 468 476 longe
509 419 707 475 gravius,
751 434 839 462 non
884 418 1154 475 intellegitur
1194 418 1296 474 quid
1339 417 1420 459 sibi
1463 416 1568 460 velit
1601 415 1778 466 ὑπάτην.

180 491 404 559 Legerim:

391 582 462 625 καὶ
496 582 664 625 κανόν’
699 582 915 631 ἲθύντην
951 583 1038 625 κτὲ.

177 665 230 707 ut
260 662 378 715 65‚2
419 665 484 706 est
515 663 609 717 ὀρθά
641 663 862 717 παραξύων
905 664 1120 712 ἰθυτενῆ
1165 661 1330 706 κανόνα.
1375 659 1438 705 Cf.
1474 661 1545 712 63,
1566 659 1608 702 2.
1645 661 1716 715 64,
1736 662 1777 704 4.

181 744 314 802 67,1.
351 745 421 789 68.
459 745 516 788 al.

176 902 265 947 VII
296 903 368 948 24.
405 903 548 956 Ἡμερὶ
584 902 913 956 πανθέλκτειρα,
948 902 1203 956 μεθυτρόφε,
1237 907 1368 953 μῆτερ
1400 901 1581 955 ὀπώραις,

466 984 586 1032 οὔλης
622 978 644 1032 ἢ
677 967 842 1027 σκολιὸν
869 983 1050 1036 πλέγμα
1085 983 1204 1037 φύεις
1240 979 1398 1033 ἕλικος,

403 1067 530 1115 Τηίου
564 1066 764 1117 ἧβήσειας
798 1066 1102 1115 Ἀνακρείοντος
1137 1064 1204 1107 ἐπ’
1238 1062 1339 1118 άκρῃ

467 1148 599 1200 στήλῃ
631 1147 700 1189 κα)
734 1149 915 1200 λεπτῷ
949 1146 1122 1199 χώματι
1158 1145 1277 1188 τοῦδε
1310 1145 1465 1198 τάφου.

239 1238 381 1282 Facile
412 1254 438 1282 a
468 1239 654 1282 librariis
686 1239 1014 1281 confunduntur
1048 1243 1262 1281 ΛΕΙΤΟΟ
1295 1239 1338 1279 et
1360 1242 1609 1279 AeHTOC.
1643 1234 1785 1278 Huius

178 1321 446 1364 autem'loei
488 1323 553 1364 est
594 1323 781 1374 λειτῷ,
816 1321 904 1364 sive
939 1321 1089 1373 λιτῷ,
1125 1319 1528 1373 χώματι-τάφου,
1562 1318 1589 1361 i.
1609 1333 1645 1361 e.
1681 1318 1781 1371 λιτῷ

177 1402 326 1456 τάφῳ,
360 1404 410 1445 ut
441 1402 646 1444 habemus
678 1402 761 1457 26,
799 1403 818 1444 1
856 1401 994 1454 τάφον
1027 1401 1143 1454 παρὰ
1176 1400 1310 1456 λιτόν,
1350 1401 1429 1456 73,
1462 1401 1484 1442 1
1515 1399 1640 1453 τάφῳ
1668 1399 1784 1451 παρα

178 1485 303 1537 λιτῷ,
345 1483 414 1527 IX
457 1483 537 1540 52,
580 1485 608 1526 4
652 1484 764 1527 λιτὸν
797 1483 933 1538 ἔχωσε
965 1484 1103 1537 τάφον
1136 1485 1179 1526 et
1212 1483 1368 1525 similia
1400 1482 1517 1525 alibi.
1554 1481 1784 1525 Contrario

179 1579 320 1609 errore
351 1565 439 1610 VII
473 1566 584 1618 364,
620 1565 647 1609 2
678 1565 860 1621 legitur:

422 1649 579 1697 λιτὴν
613 1647 875 1701 άμφοτέραις
908 1646 1028 1700 χερσὶ
1063 1646 1259 1698 βαλοῦσα
1296 1645 1413 1702 κόνιν,

178 1729 251 1772 ubi
294 1729 443 1786 procul
486 1729 616 1771 dubio
654 1728 798 1771 Marco
830 1727 1090 1784 Argentario
1123 1727 1386 1769 reddendum
1421 1727 1631 1775 λεπτὴν
1664 1724 1782 1768 κόνιν.

178 1810 375 1867 Denique
417 1825 512 1853 cum
554 1809 602 1854 F.
646 1810 718 1852 W.
752 1809 948 1852 Schmidt
989 1809 1065 1851 Kr.
1099 1808 1160 1852 St.
1195 1808 1281 1851 VII
1315 1809 1373 1851 84
1407 1809 1584 1864 propter
1615 1807 1782 1850 hiatum

178 1891 363 1935 libenter
394 1891 668 1935 rescriberem
704 1887 727 1939 ἦ
760 1892 910 1934 λιτὸν
944 1893 1040 1947 (pro
1068 1890 1223 1944 ὀλίγον)
1255 1890 1346 1932 τόδε
1381 1891 1518 1941 σᾶμα.

177 2047 266 2092 VII
301 2049 401 2093 133.
433 2049 662 2106 Πτίσσετε,
697 2047 950 2101 Νικοκρέων,
986 2046 1044 2091 ἔτι
1079 2047 1148 2090 καὶ
1181 2046 1330 2099 μάλα,
1364 2045 1541 2094 θύλακός
1577 2046 1690 2088 ἐστι’

497 2132 704 2183 πτίσσετ’,
738 2130 1011 2183 Ἀνάξαρχος.
1031 2130 1065 2172 δ’
1099 2131 1139 2172 ἐν
1174 2128 1266 2175 Διός
1301 2129 1388 2172 ἐστι
1421 2128 1558 2171 πάλαι

434 2213 503 2256 καὶ
538 2214 583 2256 σὲ
616 2212 894 2256 διαστείλασα
927 2211 1163 2266 γνάφοις
1197 2211 1383 2262 ὀλίγον
1417 2211 1519 2253 τάδε
1554 2209 1662 2259 λέξει

494 2296 666 2350 ῥήματα
697 2293 958 2348 Περσεφόνη·
986 2294 1136 2346 ”Ερρε,
1171 2293 1354 2345 μυλωθρὲ
1388 2292 1505 2335 κακέ.
1534 2292 1537 2295 ’

238 2376 322 2420 Pro
363 2376 503 2429 ὀλίγον
544 2378 817 2432 expectamus
858 2376 1000 2431 ipsum
1033 2375 1309 2417 contrarium.
1356 2373 1510 2418 Nescio
1544 2388 1600 2415 an
1632 2372 1785 2417 fuerit:

437 2461 507 2501 καὶ
544 2459 589 2501 σὲ
622 2457 901 2501 διαστείλασα
928 2456 1234 2510 γνάφοισιν
1262 2452 1406 2508 ὅλον,
1434 2455 1536 2497 τάδε
1567 2454 1677 2506 λέξει
1696 2454 1784 2497 κτὲ.

237 2541 443 2592 Quartum
476 2540 722 2584 trochaeum
756 2554 845 2582 non
877 2539 988 2582 vitat
1019 2538 1250 2594 Diogenes.
1283 2538 1391 2581 Vide
1425 2553 1464 2580 v.
1491 2552 1528 2582 c.
1564 2537 1674 2588 126,
1713 2537 1751 2580 1.

178 2698 266 2742 VII
302 2697 402 2743 174.
438 2698 590 2741 Οὐκέτι
624 2697 831 2750 συρίγγων
867 2696 1001 2748 νόμιον
1034 2695 1159 2747 μέλος
1192 2695 1349 2749 άγχόθι
1380 2697 1546 2742 ταύτας

497 2778 704 2832 άρμόζῃ
736 2778 953 2831 βλωθρέὶς,
987 2777 1236 2829 Θηρίμαχε,
1272 2777 1503 2819 πλατάνου.

240 2860 395 2904 Suidae
424 2860 525 2903 libri
557 2860 724 2912 άρμόσει
760 2860 827 2902 vel
860 2859 1034 2913 ἁρμόσῃ,
1068 2860 1112 2901 et
1141 2873 1266 2910 sane,
1303 2874 1399 2901 cum
1431 2859 1683 2914 praesertim
1719 2873 1784 2901 se-

126 2978 131 2982 .
177 2944 334 2999 quatur
375 2940 708 2991 οὑδὲ-δέξονται
751 2940 946 2983 futurum
979 2940 1109 2995 longe
1141 2939 1306 2995 aptius,
1340 2954 1472 2996 quare
1506 2954 1596 2982 non
1631 2939 1783 2982 dubito

177 3023 284 3081 quin
315 3023 345 3067 ά
356 3023 449 3077 ρμό
460 3021 486 3074 ξ
497 3041 519 3080 ῃ
550 3022 706 3079 Erycio
733 3021 996 3065 reddendum
1025 3021 1094 3073 sit,
1114 3021 1397 3078 similiterque
1412 3022 1528 3064 infra
1546 3037 1611 3078 ep.
1631 3020 1734 3073 215,
1753 3021 1781 3063 4
