2138 3580
1175 363 1228 404 10

403 480 560 531 113,1.
580 481 697 523 Βαιὸν
730 481 942 534 ὁδοιπορίης
979 481 1036 525 ἔτι
1071 483 1283 526 λείπεται·
1317 484 1431 526 ἄλλα
1465 485 1560 538 πρὸς
1594 481 1713 531 αἶπος

578 563 650 610 τήν
681 562 824 613 ὀλίγην
855 564 1014 611 ἀνύσεις
1049 564 1272 616 ἀτραπιτὸν
1304 564 1495 607 διέπων
1526 565 1610 607 κτὲ.

398 640 641 697 Numquam
689 642 775 684 vidi
822 642 971 685 διέπειν
1019 643 1077 686 sie
1125 644 1376 689 adhibitum.
1421 645 1593 688 Rectius
1634 646 1760 700 poeta
1790 644 1972 688 dedisset

399 721 554 766 διῖών.
599 722 662 766 Cf.
708 723 830 765 Plato
863 723 993 780 Legg.
1027 724 1094 766 III
1127 725 1212 768 685
1229 724 1282 769 A.
1316 725 1518 768 Similiter
1542 739 1602 769 ve.
1630 724 1822 768 4melius
1838 725 1970 782 scrip-

398 803 518 845 sisset
548 804 766 856 εἶστείχεις
801 806 874 852 εἰς
908 806 1048 854 Φιλίου
1081 806 1244 856 τέμενος
1277 821 1404 862 quam
1436 807 1586 862 πρὸς,
1620 807 1733 862 quod
1764 806 1809 848 in
1832 806 1972 863 lapide

398 897 486 926 esse
516 884 712 927 traditur.

446 1049 543 1093 121.
576 1052 733 1103 Πατρὸς
767 1051 966 1105 ἀριζήλοιο
998 1053 1245 1105 Πολυκρίτου
1277 1050 1344 1095 υἷα
1377 1053 1448 1095 σὺν
1480 1052 1590 1105 ἵππῳ

577 1131 730 1185 δέρκεο,
765 1138 937 1175 Βοιωτῶν
973 1134 1100 1186 ἀρχὸν
1134 1134 1398 1186 ἀεθλοφόρων.

574 1212 631 1260 δὶς
667 1213 750 1265 γὰρ
784 1214 854 1255 ἐν)
888 1214 1187 1265 πτολέμοις
1221 1215 1436 1266 οὶγήσατο,
1469 1215 1546 1258 τὰν
1577 1214 1806 1258 ἀσάλευτον

573 1294 686 1336 νίκαν
715 1295 758 1336 ἐκ
791 1295 974 1347 πατέρων
1008 1294 1174 1345 τηλόθεν
1206 1296 1443 1349 ἀρνύμενος,

572 1375 641 1417 καὶ
675 1375 805 1427 τρίτον
837 1377 1024 1426 ἱππήων·
1053 1375 1260 1420 Ὀπόεντα
1292 1378 1332 1420 δὲ
1366 1378 1451 1420 κτὲ.

391 1454 436 1498 Si
466 1455 573 1497 bene
603 1456 759 1498 tradita
791 1459 893 1499 sunt
922 1458 1050 1500 verba
1082 1458 1260 1500 obseura
1290 1458 1347 1505 δὶς
1368 1484 1423 1490 ——
1447 1459 1630 1511 ἱππήων,
1662 1459 1841 1515 pessime
1871 1474 1972 1502 sane

390 1536 556 1579 loeutus
588 1539 652 1579 est
684 1537 834 1580 horum
868 1553 1061 1580 versuum
1094 1541 1264 1590 auctor,
1298 1540 1371 1595 qui
1399 1540 1579 1582 voluisse
1605 1540 1869 1588 videtu12314
1886 1541 1971 1594 γὰρ

393 1618 444 1659 ἐνὶ
493 1618 712 1668 πτολέμοις
758 1619 924 1673 πεζῶν
957 1620 1148 1671 οὶγήσατο
1184 1646 1238 1651 ———
1272 1615 1342 1662 καὶ
1375 1621 1504 1673 τρίτον
1536 1622 1611 1678 (sc,
1645 1621 1698 1663 ε’νὶ
1732 1620 1971 1679 πτολέμοις)

391 1698 574 1750 ἱππήων,
619 1714 870 1755 quamquam
915 1703 1183 1756 expectamus
1226 1702 1512 1744 huiuscemodi
1554 1701 1655 1758 quid
1687 1702 1743 1750 δὶς
1775 1703 1858 1756 γαρ
1891 1718 1971 1745 πε-

392 1778 646 1832 ζομάχων
679 1780 870 1832 οέγήσατο
901 1783 986 1824 κτὲ.

452 1859 656 1910 Quocirca
695 1876 818 1917 spero
848 1862 939 1905 fore
954 1894 964 1914 ‚
996 1865 1044 1906 ut
1075 1878 1099 1905 a
1129 1863 1265 1918 perito
1298 1863 1574 1919 archaeologo
1600 1864 1669 1906 hie
1693 1864 1802 1920 lapis
1830 1865 1968 1908 denuo

391 1941 667 1984 examinetur.
717 1943 770 1984 In
817 1957 906 1998 sqq.
954 1943 1216 1999 iungendum
1258 1944 1423 1986 videtur
1465 1945 1578 1986 νίκαν
1621 1944 1696 1986 ταν
1739 1944 1969 1988 ἀσάλευτον

390 2022 555 2071 τηλόθεν
584 2022 627 2064 ἐκ
654 2023 861 2075 πατέρων,
891 2026 1104 2067 victoriam
1131 2025 1250 2081 lonya
1272 2034 1449 2082 patrum
1466 2027 1662 2068 memoria
1679 2027 1967 2069 inconcussam.

391 2102 453 2145 De
483 2117 528 2152 re
571 2104 764 2146 videatur
805 2104 957 2146 Kaibel
1000 2118 1095 2160 pag.
1142 2105 1239 2147 351.
1282 2131 1322 2136 -—
1363 2106 1430 2148 Ab
1471 2106 1667 2147 ultimum
1701 2105 1824 2148 huius
1855 2105 1971 2149 tituli

390 2198 579 2227 versum:

661 2265 797 2311 πίστις
832 2267 917 2308 ἐπεὶ
953 2266 1115 2308 πάντων
1148 2267 1322 2319 κοίρανος
1358 2267 1576 2317 ἁγνότατα

393 2360 585 2400 perverse
618 2345 798 2402 Oougny
829 2348 1075 2390 annotavit:
1109 2347 1179 2390 Ad
1200 2351 1330 2406 fidem
1364 2350 1477 2392 titula·
1502 2351 1704 2407 pertinet;
1740 2351 1968 2392 testimonia

391 2429 498 2469 enim
543 2429 822 2485 cuiuscumque
864 2431 1020 2484 ‚qeneris
1066 2430 1312 2472 vocabantur
1359 2431 1510 2476 πίστις.
1556 2430 1648 2472 Imo
1690 2430 1875 2485 pertinet
1915 2431 1969 2473 ad

389 2508 515 2550 fidem
550 2509 798 2564 praestitam
829 2510 990 2553 civibus
1024 2510 1109 2552 suis
1136 2525 1160 2552 a
1187 2509 1485 2562 Nicasichom,
1511 2513 1624 2566 quod
1652 2512 1777 2566 plane
1793 2511 1967 2554 demon—

391 2590 528 2632 strant
558 2604 639 2631 vss.
671 2590 801 2633 6-8.
835 2588 900 2634 Of.
933 2590 977 2632 II
1013 2591 1121 2642 187,
1141 2592 1181 2634 4.
1214 2591 1268 2632 a1.

424 2746 522 2789 127.
572 2745 693 2798 Χερσί
725 2761 769 2787 τε
798 2746 865 2788 καὶ
903 2746 1108 2802 [τέχνα]ις
1142 2745 1266 2799 ἔργων
1299 2748 1535 2798 τόλμαις
1567 2764 1612 2790 τε
1647 2748 1823 2795 δικαίαις

569 2826 798 2879 θρεψαμένη
834 2827 979 2868 τέκνων
1013 2826 1230 2883 γε[νεοὶ]ν,
1264 2829 1349 2870 κτὲ.
1705 2888 1711 2892 ¹

388 2907 579 2957 Τόλμαις
620 2907 865 2963 neutiquam
897 2907 1092 2951 sollicito,
1126 2907 1367 2950 Videndum
1399 2911 1541 2951 tamen
1573 2911 1714 2951 utrum
1747 2908 1828 2951 hoe
1858 2909 1966 2965 lapis

388 3002 532 3031 revera
563 2987 759 3030 exhibeat
790 3003 846 3030 an
878 2988 1192 3043 παλάμαις,
1227 2991 1340 3044 quod
1370 2990 1512 3045 potius
1544 2991 1874 3046 expectaveram.
