2138 3580
746 1021 1087 1081 ADDENDA
1126 1022 1211 1081 ΕΤ
1250 1021 1715 1081 OORRIGENDA.

445 1433 548 1489 Pag.
612 1434 653 1483 4,
672 1433 743 1476 23.
777 1432 1015 1475 Titulorum
1047 1447 1244 1474 numerus
1275 1435 1420 1487 postea
1452 1432 1583 1474 erevit
1614 1432 1667 1474 ad
1701 1432 1745 1475 G.

493 1531 513 1554 »
613 1515 638 1556 9
671 1516 724 1556 ad
757 1515 826 1568 89,
847 1514 888 1556 2.
932 1514 1227 1556 Infelicissima
1267 1516 1332 1555 est
1363 1513 1627 1569 coniectura,
1662 1527 1790 1568 quam
1822 1513 2024 1556 excidisse

759 1596 863 1637 mihi
922 1595 1092 1638 nollem.
1150 1595 1278 1637 Recte
1334 1595 1486 1637 Kaibel
1532 1593 1700 1637 ἔπνευσε
1746 1595 1793 1637 in
1839 1596 1904 1639 ed.
1950 1608 2026 1637 sua

760 1676 983 1719 Athenaei.

495 1774 515 1797 »
589 1757 641 1799 15
688 1774 708 1797 »
762 1758 863 1799 219.
909 1757 1062 1799 Hiatus
1093 1761 1235 1800 tamen
1267 1760 1368 1800 ante
1399 1772 1613 1800 caesuram
1644 1757 1879 1800 bueolieam
1910 1756 2024 1813 apud

760 1838 933 1880 seriores
964 1841 1110 1894 poetas
1141 1853 1335 1894 perrarus
1362 1841 1438 1882 est.
1471 1837 1645 1893 Legitur
1670 1852 1710 1881 v.
1729 1852 1752 1880 c
1784 1837 1837 1880 A.
1855 1837 1902 1879 P.
1921 1835 2026 1880 XIV

762 1921 833 1971 48,
852 1921 879 1961 4
910 1922 953 1961 et
985 1919 1067 1962 XV
1102 1920 1228 1970 13,1.
1261 1919 1390 1962 Recte
1422 1919 1574 1961 Kaibel
1607 1918 1761 1965 εἷκόνσις
1795 1918 1924 1960 habet
1949 1931 2026 1974 pro

761 2000 914 2055 plurali
945 2000 1132 2055 poetico,
1166 2000 1238 2055 qui
1270 2003 1368 2055 post
1400 2002 1557 2041 veteres
1589 1999 1741 2054 lyricos
1773 1999 1816 2040 et
1844 1997 2027 2053 tragicos

762 2095 885 2136 saepe
927 2084 1103 2136 apparet
1145 2081 1256 2135 apud
1299 2080 1587 2135 Anthologiae
1629 2081 1799 2135 poetas,
1833 2078 2027 2121 velutin

763 2163 901 2212 λιμήν,
949 2162 1065 2204 euius
1111 2162 1315 2216 pluralem
1364 2161 1529 2216 saepius
1576 2163 1826 2216 usurpatum
1866 2158 2029 2202 videbis

763 2256 839 2298 pro
873 2242 1093 2297 singulari.

499 2341 519 2364 »
591 2324 645 2365 16
692 2340 712 2363 »
768 2323 869 2366 244.
900 2323 1060 2365 Eodem
1094 2337 1215 2365 versu
1246 2322 1472 2365 Homerico
1506 2323 1556 2364 de
1583 2322 1750 2364 Iuliano
1776 2322 2029 2376 imperatore

765 2419 863 2446 usus
895 2395 959 2446 est
989 2404 1192 2446 Libanius
1223 2406 1275 2445 A.
1294 2404 1339 2446 P.
1375 2403 1459 2445 VII
1496 2404 1595 2446 747.

502 2503 522 2526 »
596 2486 647 2528 17
697 2503 716 2525 »
773 2487 873 2528 301.
903 2486 1038 2537 Στοραὶ
1064 2486 1111 2527 in
1137 2485 1464 2526 architectonica
1491 2484 1722 2526 vocabatur
1731 2485 2030 2540 pavimentum.

756 2566 821 2610 Of.
855 2566 1090 2621 BAUNAGK,
1122 2565 1213 2607 Aus
1245 2567 1509 2622 Epidauros,
1544 2580 1585 2620 p.
1621 2564 1690 2607 67.

500 2665 519 2687 »
590 2648 644 2689 21
695 2665 714 2687 »
771 2648 840 2691 34.
875 2647 1018 2689 Brevis
1050 2647 1212 2702 syllaba
1243 2647 1289 2687 in
1321 2646 1405 2688 fine
1437 2645 1586 2700 prioris
1608 2644 1787 2686 membri
1806 2650 2026 2700 pentame-

763 2729 819 2770 tri
851 2728 1059 2783 reperitur
1090 2726 1216 2769 etiam
1250 2726 1317 2768 hie
1342 2726 1429 2768 illic
1454 2726 1500 2767 in
1530 2725 1790 2779 Anthologia
1818 2723 2031 2775 Palatina,

766 2809 882 2851 velut
922 2824 990 2863 ap.
1034 2807 1309 2850 Heliodorum
1354 2807 1415 2848 lX
1447 2807 1548 2860 485,
1579 2807 1617 2849 7.
1667 2806 1715 2848 ll
1763 2808 1805 2848 et
1849 2806 1916 2856 13,
1960 2804 2032 2847 sed

764 2890 893 2944 longe
923 2889 1106 2944 plurima
1138 2890 1308 2929 exstant
1338 2888 1384 2928 in
1417 2887 1626 2942 lapidibus
1658 2887 1863 2942 exempla.
1897 2885 2033 2928 Valde

710 2975 715 2979 “
771 2973 913 3012 tamen
957 2970 1061 3012 mihi
1103 2969 1262 3011 arridet
1301 2969 1414 3023 quod
1457 2968 1661 3023 proposui
1692 2967 2030 3022 supplementum

769 3051 976 3102 γαμετήν.
