2138 3580
1212 331 1295 379 130

535 457 636 503 Non
668 457 805 514 magis
835 472 933 501 vera
963 473 1050 500 esse
1081 459 1222 513 potest
1248 456 1373 500 lectio
1407 456 1583 499 alterius
1614 455 1866 512 fragmenti,
1901 459 1950 500 ut
1979 455 2055 500 dc-

474 542 685 583 monstrat
725 542 890 594 praeter
934 538 1127 581 voculam
1167 544 1246 581 AN
1275 553 1404 581 sensu
1435 551 1597 580 cassam
1627 537 1867 580 inauditum
1902 550 2056 581 nomen

467 619 692 673 -Διομοὶχη,
734 619 830 662 Nisi
859 619 1004 661 omnio
1038 633 1103 661 me
1133 618 1313 670 fallunt,
1348 633 1425 674 pro
1458 624 1806 660 ANAIOMAXH
1836 617 1946 673 lapis
1975 616 2055 660 ha-

475 701 570 743 buit
614 704 1048 750 ΛΙΔΙΟΜΛΑΧΕΝ,
1095 701 1137 741 et
1181 698 1288 740 latet
1333 698 1517 740 formula
1565 697 1810 752 sepulcralis
1857 696 2098 740 dl3tovx

477 780 652 834 λάχεν
685 777 818 822 ὕπνον.
860 778 981 828 Quod
1013 779 1048 821 si
1077 779 1140 821 ita
1171 780 1257 830 est,
1289 778 1499 834 posterius
1529 778 1818 833 fragmentum
1849 777 1910 820 sic
1938 775 2060 832 dige-

477 863 680 903 rendum:

811 971 821 981 .
887 970 896 981 .
929 938 1095 986 Ἱππίας
1127 938 1418 995 (disyllabum)
1452 938 1590 989 αἰδιομ,
1624 937 1761 990 λάχεν
1794 935 1931 981 ὕπνον.

661 1020 930 1073 Ανδρόμαχον
996 1050 1831 1063 ............

441 1139 444 1142 «
479 1101 574 1146 Nisi
604 1102 748 1158 potius
780 1101 861 1144 fuit
892 1100 1215 1154 Ἀνδρομάχη,
1246 1102 1296 1142 ut
1327 1100 1516 1155 sepultus
1549 1114 1638 1142 esse
1669 1099 1834 1141 dicatur
1854 1097 2060 1155 Hippias,

479 1182 772 1225 Andromachi
802 1181 927 1225 filius.

1145 1239 1401 1283 LXXXVII.

541 1344 665 1397 Ἀρχ.
709 1351 834 1386 Δελτ.
880 1358 919 1386 a.
964 1342 1092 1385 1890.
1127 1356 1182 1383 m.
1215 1341 1295 1383 Iul.
1329 1354 1428 1397 pag.
1465 1340 1563 1383 103.
1598 1340 1780 1383 Athenis
1809 1340 1856 1382 in
1887 1339 2060 1382 Musaeo

480 1424 812 1480 archaeologico.
858 1423 977 1467 Basis
1019 1423 1182 1464 adiecta
1225 1437 1275 1464 ex
1317 1435 1474 1477 magno
1516 1423 1708 1477 sepulcro
1750 1421 1960 1464 Burbensi
1999 1421 2063 1476 (in

481 1504 646 1555 Attica)
678 1519 772 1547 cum
805 1507 972 1547 vetusta
1002 1503 1280 1558 inscriptione
1311 1505 1352 1544 et
1382 1502 1518 1544 frusto
1550 1502 1710 1558 plinthi
1739 1504 1928 1558 statuae,
1962 1501 2064 1544 olim

481 1585 721 1641 impositae.
755 1585 922 1627 Titulus
954 1584 1013 1626 sic
1043 1584 1197 1626 habet:

892 1777 900 1787 .
937 1776 947 1787 .
980 1761 1000 1787 ε
1032 1748 1153 1798 φιλες
1170 1745 1227 1801 (P)
1258 1744 1401 1791 παιδος

844 1827 1059 1869 κατεθεκεν
1131 1835 1257 1868 καλον
1289 1826 1367 1868 ιδεν

844 1908 1021 1962 ανυταρξ
1055 1906 1281 1961 Φαιδιμοςξ
1315 1922 1477 1959 εργασα

1444 2001 1505 2029 το.

541 2068 638 2123 Ipse
669 2068 743 2123 qui
774 2068 962 2123 repperit
992 2066 1112 2110 Stae's
1142 2067 1299 2109 ibidem
1332 2080 1431 2122 pag.
1469 2066 1578 2121 111,
1611 2067 1686 2109 ubi
1717 2067 1809 2122 agit
1839 2067 1890 2109 de
1921 2067 2062 2123 sepul-

483 2163 553 2191 cro
586 2151 640 2202 τῷ
672 2149 712 2190 ἐν
744 2150 929 2203 Βουρβᾷ,
963 2148 1068 2190 haec
1098 2151 1266 2191 monet:
1300 2149 1595 2190 Ἀποτελεῑται
1629 2148 1673 2189 ἔκ
1705 2149 1818 2200 τριῶν
1849 2142 2062 2199 βαθμίδων

440 2270 442 2272 ,
483 2229 795 2282 πυραμιδοειδῶς
829 2229 1017 2279 κειμένων
1052 2229 1118 2270 ἐπ’
1151 2228 1385 2279 ἀλλήλαις,
1421 2228 1485 2269 ἐπὶ
1515 2232 1586 2275 τῆς
1615 2232 1793 2281 κορυφῆς
1820 2232 1896 2270 τῶν
1924 2221 2065 2271 ὅθι-οἴων

483 2310 526 2361 (i.
554 2324 588 2351 e.
632 2307 702 2364 ὧν)
745 2308 879 2362 ἵδρυτο
913 2310 935 2358 ἡ
969 2310 1244 2361 ἐνεπίγραφος
1277 2307 1403 2360 βασις
1437 2311 1508 2350 τοῦ
1542 2308 1824 2364 ἀγάλματος,
1857 2305 1900 2357 ἧς
1933 2307 2066 2362 εὑρέθη

482 2391 528 2433 τὸ
560 2396 754 2433 πλεῖστον
787 2391 970 2442 εὐτυχῶς
1004 2389 1143 2442 μέρος,
1178 2389 1291 2441 μετα
1322 2393 1399 2430 τῶν
1431 2387 1560 2443 ἄκρων
1592 2389 1719 2431 ποδῶν
1751 2391 1821 2432 τοῦ
1845 2389 1910 2431 ἐπ’
1934 2390 2063 2438 αὐτῆς

481 2470 797 2524 γυναικείου
830 2471 1101 2522 ἀγάλματος.
1134 2469 1277 2520 sines,
1311 2470 1405 2511 aliis
1437 2469 1695 2524 quibusdum
1727 2469 1926 2520 adiectis,
1953 2483 2062 2525 quae

479 2554 679 2609 legantur
726 2551 839 2607 apud
885 2551 1046 2606 ipsum,
1098 2550 1269 2592 titulum
1318 2550 1471 2592 tribuit
1518 2551 1729 2592 extremae
1775 2549 1888 2605 parti
1934 2548 2064 2593 seculi

480 2634 589 2676 sexti
620 2648 658 2676 a.
689 2632 788 2676 Chr.
811 2624 921 2673 'Fuit
952 2630 1192 2681 distichon,
1226 2630 1286 2672 sic
1318 2630 1731 2672 transscribendum:

722 2742 1033 2755 .....
1097 2726 1116 2752 ε
1149 2710 1274 2763 Φίλης
1310 2709 1451 2756 παιδὸς
1484 2709 1703 2759 κατέθηκε,

723 2792 847 2834 καλὸν
878 2791 997 2842 ἰδεῖν,
1031 2790 1164 2843 αὐτὰρ
1198 2790 1392 2841 Φαίδιμος
1427 2789 1665 2843 εἰργάσατο.

542 2873 695 2916 Procul
726 2872 855 2914 dubio
888 2872 1013 2914 καλὸν
1046 2871 1140 2913 ἰδεῖν
1172 2870 1358 2925 pertinet
1389 2871 1443 2912 ad.
1475 2869 1664 2924 sepultae
1697 2868 1881 2910 mulieris
1909 2863 2061 2924 imagi-

482 2968 604 3005 nem,
636 2953 698 2994 ita
730 2955 778 2995 ut
809 2952 1063 3007 explendum
1096 2950 1262 2993 credam
1296 2950 1313 2992 ὅ
1345 2950 1455 3001 δεῖνα
1487 2949 1624 2992 εἰκόνα
1657 2948 1797 3004 τήνδ]ε
1826 2949 1928 3000 xri„
1961 2948 2061 2991 licet

481 3033 727 3089 scrupulum
773 3031 920 3074 iniciat
967 3040 1143 3086 sequens
1191 3029 1332 3073 καλόν.
1381 3029 1543 3072 Durum
1589 3029 1703 3072 enim
1745 3028 1878 3071 videri
1919 3030 2061 3084 potest
