2138 3580
1174 335 1257 378 152

721 467 807 495 non
836 454 1002 496 sufficit.
1033 455 1295 510 Expectatur
1320 458 1439 500 notio
1464 461 1671 516 superavit
1700 463 1775 503 aut
1796 463 1986 520 aequipe-

721 535 855 584 ravit,
887 535 958 576 sed
989 535 1163 578 verbum
1197 536 1403 579 Graecum
1435 552 1522 580 non
1555 539 1730 595 reperio.

411 612 515 668 Pag.
550 614 604 657 78
637 615 691 656 ad
723 615 794 666 66,
817 617 851 656 1.
888 615 999 658 Male
1030 616 1254 659 sollicitavi
1285 619 1352 660 καὶ
1388 618 1586 671 παριόντα
1620 620 1780 662 dictum
1810 634 1887 676 pro
1915 622 1985 664 καὶ

720 695 1000 747 παρελθόντα,
1035 710 1124 738 non
1154 698 1290 753 magis
1321 713 1449 753 quam
1479 699 1615 742 editor
1641 701 1882 743 recordatus
1907 701 1988 744 hoc

721 776 983 831 epigramma
1024 791 1111 819 esse
1153 776 1363 821 Stratonis
1406 779 1451 820 in
1495 780 1544 821 A.
1563 781 1612 824 P.
1645 781 1735 824 XII
1768 781 1868 833 223,
1916 780 1990 824 ubi

723 856 774 898 cf.
804 856 1016 899 Duebneri
1042 859 1285 915 annotatio,
1315 874 1365 902 ex
1391 874 1474 915 qua
1496 861 1655 903 videbis
1681 876 1742 905 vs.
1765 862 1786 904 1
1806 861 1987 915 Τέρπνου

723 935 823 984 ὅλως
855 951 932 992 pro
965 939 1188 992 Περπούρου
1221 954 1307 981 esse
1338 941 1568 995 genuinam
1600 941 1838 984 lectionem.

458 1034 478 1058 »
548 1018 604 1061 80
652 1035 672 1058 »
728 1018 798 1062 85.
832 1019 899 1061 Sic
931 1033 1097 1076 quoque
1129 1021 1180 1062 A.
1202 1021 1246 1062 P.
1282 1021 1350 1064 IX
1385 1023 1482 1065 124.
1510 1023 1637 1074 ’Ἄρης
1672 1024 1986 1075 ἀναμίγνυΤΛΙ

724 1101 888 1154 Δάφνῃ.

456 1198 476 1220 »
547 1181 598 1223 81
652 1198 673 1221 >
730 1182 828 1223 104.
875 1181 1003 1224 Haud
1054 1182 1143 1224 sinc
1186 1197 1311 1225 causa
1355 1184 1601 1226 dubitabam
1646 1187 1699 1227 de
1738 1185 1825 1227 leni
1859 1199 1988 1241 quam

720 1262 1009 1317 proponebam
1053 1263 1337 1315 correctione,
1381 1264 1507 1320 idque
1538 1265 1745 1320 imprimis
1779 1265 1833 1307 ob
1863 1250 1989 1309 voca-

721 1343 822 1384 bula
863 1347 955 1386 ποτ’
994 1345 1218 1394 ’Ὄλυμπον
1255 1360 1404 1400 parum
1438 1348 1536 1401 apte
1568 1346 1821 1402 interposita
1853 1346 1990 1389 verbis

717 1423 916 1476 δεξιτερὴν
941 1450 985 1455 -
1007 1424 1072 1467 ἀν’
1126 1425 1323 1479 ἀτραπόν.
1374 1426 1532 1469 Sanum
1575 1427 1687 1469 enim
1730 1426 1908 1481 δεξιτερῇ
1949 1429 1992 1470 et

722 1519 797 1560 pro
855 1506 1161 1559 ἀπέτραπον
1218 1507 1513 1562 corrigendum
1560 1522 1647 1550 esse
1686 1508 1991 1560 -ίιναὶρροπον

725 1601 840 1629 nunc
885 1588 1111 1644 intellego,
1159 1589 1187 1630 i.
1206 1603 1240 1631 e.
1288 1605 1452 1631 sursum
1499 1592 1746 1642 tendentem,
1786 1590 1900 1646 quod
1939 1591 1992 1632 de

725 1668 867 1709 anima
899 1668 1096 1710 sublimia
1127 1669 1290 1724 petenti
1321 1669 1582 1724 aptissimum
1616 1672 1692 1712 est.
1735 1670 1832 1712 Hoc
1860 1670 1993 1726 igitur

728 1749 855 1791 velim
886 1750 1130 1792 substituas.

445 1846 465 1869 »
535 1830 591 1872 83
639 1847 658 1869 >›
714 1831 754 1872 6.
790 1830 919 1872 Recte
945 1831 1149 1873 librorum
1178 1831 1403 1873 lectionem
1429 1831 1538 1874 tueri
1565 1831 1823 1874 Meinekium
1856 1832 1992 1888 magis

723 1912 939 1967 magisque
970 1912 1074 1953 mihi
1105 1914 1346 1967 persuadeo,

459 2007 479 2030 »
551 1991 606 2033 85
654 2009 674 2031 »
730 1993 798 2035 38.
843 1992 982 2034 Possis
1015 1993 1164 2034 etiam:
1197 1994 1279 2041 Μὴ
1313 1991 1335 2043 ἦ
1347 2009 1400 2035 σο
1432 1994 1516 2037 κτὲ,
1549 1994 1601 2035 ad
1630 1995 1866 2050 exemplum
1898 1993 1990 2037 Ho-
2018 2012 2023 2017 ·

726 2073 869 2115 morici
910 2074 1099 2122 εἰλαπίνη
1142 2075 1184 2123 ἠὲ
1227 2074 1364 2124 γάμος
1401 2076 1447 2130 (ω
1480 2074 1585 2127 226)
1617 2078 1659 2117 et
1691 2076 1773 2129 ἐμῷ
1806 2075 1990 2128 ὠκυμόρῳ

726 2157 779 2206 (Σ
799 2154 918 2207 458).

461 2251 480 2273 »
551 2234 607 2276 99
660 2268 679 2289 „
730 2234 793 2276 IX
834 2236 873 2276 6.
920 2236 1060 2277 Ὀσίου
1102 2236 1262 2278 dictum
1304 2250 1382 2291 pro
1425 2236 1556 2287 ὁσίης,
1598 2237 1711 2292 quod
1753 2237 1991 2292 exemplum

726 2317 898 2357 accedat
936 2316 988 2357 iis
1020 2331 1126 2371 quae
1158 2317 1330 2371 collegit
1363 2317 1550 2359 Dindorf
1576 2318 1622 2358 in
1654 2317 1867 2360 Thesauro
1899 2332 1991 2361 s.v.

462 2413 481 2434 2>
526 2396 607 2436 100
654 2412 674 2435 »
728 2395 848 2437 ΧΙΙΙ.
882 2395 1019 2439 Huius
1044 2397 1158 2439 tituli
1185 2397 1437 2449 Thessalici,
1464 2399 1618 2453 reperti
1645 2399 1691 2440 in
1719 2413 1830 2455 pago
1849 2398 1992 2452 Ὀζοὺν

729 2477 930 2527 Καρκλοὲλ
950 2477 1169 2532 eparchiae
1187 2478 1424 2533 Karditzae,
1443 2479 1731 2534 apographum
1749 2479 1992 2536 homoeoty·

724 2573 826 2613 pum
845 2573 869 2599 a
886 2559 1095 2601 Phintikli
1112 2559 1279 2600 missum
1301 2559 1530 2601 Kirchoffio
1548 2560 1670 2602 hasce
1686 2560 1848 2603 litteras
1865 2561 1994 2604 habet

726 2639 1019 2694 perantiquae:
1040 2645 1565 2682 ΜΝΛΜΕΠΙΠῬΡΙΑΔΑ
1585 2641 1803 2696 (Περριοὶδα
1820 2645 1883 2684 est
1899 2645 1990 2698 typ-

723 2720 1993 2771 vit.)FOEOTFEHIZTATOQETI'ENAAATQEHEPI'A

729 2807 1720 2845 ΣΤΛΣΔΕΠΟΛΟΝΛΡΙΣΤΕΎΩΝΕΘΑΝΕ.
1812 2802 1993 2846 Litteras

713 2869 1008 2924 ⁴consonantes
1042 2885 1206 2924 vetusto
1235 2897 1348 2924 more
1376 2897 1463 2924 non
1491 2883 1721 2938 duplicavit
1748 2883 1990 2939 lapidarius,

729 2963 878 3004 vitiose
909 2963 1093 3005 scribens
1126 2965 1167 3004 οὐ
1195 2965 1413 3005 πεπίστευτο
1441 2977 1516 3018 pro
1543 2965 1613 3005 οὐκ
1639 2965 1850 3014 ἐπίσταιτο,
1878 2965 1991 3020 quod

728 3044 915 3099 reposuit
955 3043 1195 3094 Kirchhoff‚
1227 3044 1301 3098 qui
1331 3049 1438 3087 FOC
1470 3044 1709 3099 significare
1739 3045 1788 3092 ὥς
1820 3047 1994 3101 propter
