2138 3580
933 319 1015 362 147

178 442 243 487 XI
275 443 347 503 87.
380 444 638 498 Τιμόμαχον
669 445 737 487 τὸν
771 444 926 496 μακρὸν
959 444 977 486 0‘
1010 443 1269 498 πεντόργυιος
1304 446 1446 500 ἐχώρει

444 523 547 574 οἶκος
582 526 679 579 ὑπὲρ
712 526 837 577 γαίης
872 524 1054 568 πάντοτε
1087 526 1348 576 κεκλιμένον·

375 612 522 657 στῆναι
557 608 594 651 δ’
626 607 664 651 εἴ
693 611 786 650 ποτ’
819 605 1010 663 ἔχρῃζεν,
1046 606 1122 651 ἔδει
1157 607 1250 655 τοὺς
1283 609 1440 657 παῖδας
1475 610 1564 653 ἀπ’
1599 610 1726 665 ὄρθρου

415 691 488 739 την
520 690 666 742 ὀροφὴν
699 694 847 744 τρῆσαι
881 689 1026 731 πέντ’
1062 691 1150 732 ἐπὶ
1186 689 1348 733 πέντε
1380 691 1525 740 πόδας.

232 770 286 814 In
319 770 402 814 hoc
432 771 585 814 Lucilii
614 772 709 814 lusu
742 772 872 814 verba
903 771 1019 814 πέντ’
1052 771 1118 814 ἐπὶ
1152 772 1274 815 πέντε
1306 773 1563 830 interpretes
1593 777 1769 819 vertunt

30 828 33 829 γ
108 884 110 887 v
171 853 350 910 quinque
383 855 426 896 in
469 855 645 911 quinque
686 853 753 896 vel
794 855 972 911 quinque
1001 869 1126 911 super
1157 856 1358 912 quinque,
1389 855 1535 911 itaque
1567 856 1607 899 X
1639 857 1766 913 pedes

169 933 428 978 intellexisse
459 935 682 991 videntur,
715 936 827 992 quod
862 935 1088 978 manifeste
1119 936 1202 978 loci
1240 938 1452 980 sententia
1489 952 1575 980 non
1611 939 1765 982 admit-

167 1015 236 1058 tit.
278 1013 533 1059 Cubiculum
577 1017 716 1067 enim,
756 1017 803 1059 in
849 1031 934 1073 quo
973 1016 1275 1060 Timomachus
1315 1018 1444 1061 homo
1477 1019 1735 1072 πεντόργυιος

166 1097 195 1140 i.
213 1111 248 1140 e.
292 1097 416 1140 XXX
458 1100 612 1154 pedum
655 1099 762 1155 (non
803 1100 982 1156 quinque
1020 1099 1240 1150 ulnarum,
1287 1102 1334 1142 ut
1372 1103 1578 1155 vertunt),
1612 1116 1762 1158 corpus

165 1177 286 1221 humi
327 1178 554 1223 reclinasse
595 1180 771 1231 dicitur,
819 1180 1008 1238 quinque
1049 1182 1177 1237 pedes
1218 1182 1353 1224 altum
1395 1182 1524 1225 fuisse
1557 1183 1759 1239 fingitur,

163 1259 309 1317 itaque
350 1264 400 1304 ut
431 1275 603 1317 surgere
636 1263 803 1318 posset,
838 1262 970 1304 servis
1003 1262 1091 1305 eius
1124 1278 1249 1305 mane
1282 1264 1475 1320 (legerim
1507 1265 1651 1321 potius
1683 1266 1758 1308 ἐπ’

162 1340 310 1400 ὄρθρου)
341 1345 503 1386 tectum
534 1343 581 1386 in
614 1343 745 1386 XXV
776 1346 904 1400 pedes
936 1344 1238 1400 perforandum
1271 1348 1374 1389 erat.
1409 1345 1503 1388 Hoc
1530 1347 1643 1389 enim
1670 1347 1758 1403 sig-

160 1424 311 1468 nificat
360 1423 476 1468 πέντ’
518 1425 584 1467 ἐπὶ
627 1424 752 1468 πέντε
786 1439 833 1462 =
869 1426 935 1468 ἐπὶ
980 1426 1178 1473 πεντάκις
1220 1426 1366 1478 πέντε,
1410 1430 1459 1470 ut
1502 1428 1669 1484 saepius
1710 1429 1757 1471 in

159 1505 428 1563 Anthologia
459 1506 584 1550 πέντε
614 1507 934 1564 multiplicativi
967 1508 1058 1551 vice
1091 1507 1218 1564 fungi
1254 1508 1492 1552 Sternbach
1523 1525 1566 1566 p.
1594 1511 1652 1553 84
1679 1511 1756 1553 ob-

158 1589 348 1632 servavit
390 1589 445 1632 ad
491 1603 558 1645 ep.
590 1588 657 1632 XI
690 1589 760 1643 84,
782 1589 821 1644 6,
867 1589 942 1631 ubi
984 1591 1097 1632 recte
1139 1590 1310 1632 divisim
1353 1591 1625 1634 scribendum
1669 1606 1757 1635 esse

158 1670 328 1714 monuit
357 1670 479 1714 πέντε
511 1669 792 1724 τριαζόμενος,
827 1670 924 1714 coll.
959 1670 999 1712 V
1034 1670 1134 1726 181,
1155 1671 1207 1713 11
1242 1674 1285 1714 et
1315 1671 1382 1715 XI
1414 1673 1485 1724 30,
1507 1673 1546 1715 I.

221 1829 286 1874 XI
320 1830 429 1883 169,
465 1831 506 1874 3.
540 1830 780 1874 Dinarchus
812 1845 965 1873 avarus
997 1830 1148 1886 laqueo
1181 1845 1225 1873 se
1246 1845 1561 1887 suspensurus:

402 1911 453 1955 δι’
486 1905 532 1964 ἓξ
560 1915 748 1966 χαλκοῦς
784 1911 976 1966 δύσμορος
1008 1913 1080 1955 οὐκ
1113 1910 1273 1968 ἔθανεν,

341 1987 387 2046 ἓξ
415 1994 590 2048 χαλκῶν
622 1995 706 2047 γὰρ
739 1991 783 2043 ἦν
817 1994 862 2036 τὸ
894 1995 1092 2047 σχοινίον·
1127 1995 1226 2037 ἀλλ’
1262 1994 1469 2047 Quodam,

399 2074 540 2118 εὔωνον
573 2074 700 2130 ζητῶν
734 2074 906 2119 ἄλλον
938 2075 1032 2124 ἴσως
1065 2075 1252 2120 θάνατον.

217 2155 325 2208 Quia
354 2171 445 2200 non
476 2157 580 2215 vile,
615 2158 688 2200 sed
720 2158 846 2201 vilius
879 2162 1026 2214 (quam
1060 2173 1136 2214 per
1165 2159 1407 2215 laqueum),
1440 2160 1590 2203 mortis
1617 2173 1754 2216 genus

155 2238 411 2295 quaesivisse
453 2239 657 2282 dicendus
698 2242 791 2282 erat
833 2240 984 2292 homo,
1029 2240 1170 2283 nescio
1203 2255 1259 2283 an
1292 2240 1528 2285 Nicarchus
1558 2258 1645 2285 una
1676 2243 1753 2285 ad-

155 2321 247 2364 dita
277 2319 424 2364 littera
454 2321 642 2366 dederit:

337 2402 476 2446 εὔωνον
508 2401 634 2456 ζητῶν
666 2406 879 2453 μᾶλλον
911 2403 1005 2451 ἴσως
1039 2404 1224 2448 θοὶνοιτον.

215 2482 351 2534 Quam
378 2498 478 2527 vero
504 2483 629 2528 facile
657 2485 983 2528 confunduntur
1011 2491 1430 2530 ΖΗΤΩΝΛΛΛΟΝ
1459 2489 1502 2530 et
1520 2493 1751 2531 ΖΗΤΩΝ-

155 2571 412 2610 MAAAON
445 2581 478 2611 s.
514 2563 954 2611 ΖΗΤόΜΛΛΛοΝ.

215 2722 282 2766 XI
316 2722 416 2768 305.
449 2723 647 2767 Palladas
680 2725 725 2767 in
763 2725 983 2768 doctrinae
1015 2728 1323 2769 ostentatorem
1355 2728 1600 2770 indoctum:

318 2803 469 2848 Τέκνον
502 2806 734 2858 οξνοιιδειής,
770 2809 1066 2860 ἀμαθέστατε,
1102 2809 1317 2860 θρέμμα
1352 2810 1536 2862 μορίης
1572 2801 1657 2853 κτ-ὲ.

214 2885 319 2929 Tam
347 2889 606 2944 stupendum
637 2889 947 2932 barbarismum
976 2891 1011 2933 si
1037 2891 1131 2947 quis
1158 2905 1322 2934 mecum
1350 2892 1549 2936 Palladae
1563 2893 1751 2937 tribuere

153 2968 428 3022 reformidat,
462 2971 623 3027 poterit
654 2973 672 3014 θ
686 2987 706 3026 ρ
719 2973 736 3015 ε’
751 2989 785 3025 μ
796 2974 843 3024 μ’
875 2974 903 3016 οὶ
917 2989 928 3015 ι
942 2974 963 3016 δ
975 2990 994 3028 ρ
1007 2991 1026 3017 ε
1038 2973 1054 3016 ι’
1062 2991 1084 3023 η
1098 2990 1117 3021 ς
1149 2974 1368 3031 suspicari.
