2138 3580
956 313 981 354 5

169 441 297 496 atque·
337 438 535 482 universa
574 435 856 493 etymologia,
888 435 935 477 in
967 434 1137 490 syntaxi
1150 465 1160 485 ‚
1194 433 1240 475 in
1273 446 1318 475 re
1350 431 1548 482 metrica,
1582 431 1629 473 111
1661 444 1761 473 vera

169 519 471 565 vocabulorum
503 516 816 574 significatione
829 548 840 568 ,
872 518 916 558 et
940 515 1200 558 iocularibus
1223 514 1270 556 111
1297 513 1488 556 versione
1515 527 1590 555 sua
1606 511 1764 555 Latina

169 601 382 646 erroribus
412 615 535 657 saepe
563 599 708 656 prodit
737 598 997 656 singularem
1028 598 1149 640 iuxta
1180 596 1386 639 sermonis
1414 595 1565 638 Graeci
1589 594 1765 651 imperi-

168 683 274 728 fiam
302 682 448 727 iudicii
478 680 831 725 imbecillitatem.
859 679 1038 722 Miseret
1061 694 1127 722 me
1153 678 1442 721 Firminorum
1469 676 1740 720 Didotiorum
1754 707 1766 728 ,

168 752 365 810 virorum*
395 762 811 818 honestissimorum,
855 761 969 818 quod
983 793 993 812 ‚
1028 775 1122 803 cum
1158 759 1298 804 Gallia
1330 759 1504 816 optimis
1534 757 1766 815 philologis

170 845 380 896 abundet,
407 843 534 887 huius
566 843 835 900 potissimum
862 842 1051 885 humeris
1074 844 1165 884 tam
1182 855 1312 897 grave
1329 855 1438 884 onus
1453 840 1765 896 imposuerunt.

168 926 303 978 Quam
334 926 512 983 puderet
542 927 787 968 revocatum
820 925 874 967 ab
906 924 1054 967 inferis
1081 923 1440 966 litteratissimum
1466 922 1604 965 virum
1617 955 1628 976 ,
1655 920 1763 964 Am-

167 1008 371 1061 brosium,
387 1007 423 1050 si
439 1004 546 1064 opus
562 1007 616 1049 ab
632 1007 768 1050 amico
785 1021 862 1049 suo
879 1005 1163 1048 eruditissimo
1179 1008 1267 1048 tam
1285 1004 1497 1060 praeclare
1512 1002 1763 1046 incohatum

169 1093 212 1135 et
235 1105 314 1148 pro
341 1091 500 1134 maiore
524 1091 647 1147 parte
672 1089 913 1132 confectum
928 1119 938 1139 ‚
961 1090 1066 1131 adeo
1083 1087 1266 1143 turpiter
1282 1086 1524 1129 absolutum
1540 1100 1629 1129 esse
1645 1085 1763 1128 vide-

168 1175 246 1217 ret.
279 1171 381 1216 Non
413 1171 666 1216 calumniari
698 1185 766 1213 me
796 1170 1014 1212 hominem
1029 1201 1039 1221 ‚
1072 1183 1199 1225 quem
1232 1183 1323 1211 11011
1353 1168 1454 1210 novi
1486 1170 1530 1210 et
1561 1167 1629 1210 cui
1659 1169 1763 1224 opto

167 1253 313 1297 omnia
351 1268 459 1310 quae
501 1252 625 1304 velit,
669 1252 772 1294 satis
803 1249 1028 1307 apparebit
1060 1265 1112 1293 ex
1144 1250 1196 1293 iis
1229 1265 1338 1307 quae
1368 1250 1411 1292 in
1448 1249 1516 1292 his
1547 1264 1764 1293 commen-

167 1334 406 1378 tationibus
452 1349 542 1377 11011
586 1335 686 1376 data
727 1347 880 1389 opera,
923 1333 996 1375 sed
1021 1333 1068 1375 in
1101 1335 1351 1375 transcursu
1367 1364 1377 1383 ‚
1410 1331 1582 1386 notavi;
1615 1346 1766 1388 quam-

167 1430 319 1474 quam,
368 1416 404 1460 si
450 1431 516 1459 res
562 1430 695 1472 aeque
743 1414 860 1457 utilis
903 1417 1012 1457 esset
1053 1418 1182 1470 atque
1218 1413 1378 1465 facilis,
1413 1428 1626 1466 errorum,
1660 1427 1767 1470 quos

170 1498 407 1551 commisit,
457 1498 576 1541 nullo
620 1497 794 1554 negotio
838 1496 976 1539 multo
1008 1497 1238 1552 largiorem
1269 1495 1436 1552 copiam
1467 1495 1656 1538 indicare
1687 1509 1766 1551 po-

165 1583 331 1635 tueram
351 1582 401 1639 ¹).

228 1661 292 1706 Re
322 1662 383 1705 sic
413 1664 660 1718 comparata
691 1660 797 1704 mihi
824 1660 1019 1703 constitit
1044 1660 1144 1714 huic
1166 1659 1319 1702 editori
1346 1659 1465 1702 nulla
1482 1659 1529 1701 in
1545 1673 1590 1701 re
1606 1660 1764 1708 temere

169 1759 258 1789 esse
297 1745 554 1789 credendum
570 1776 580 1796 ‚
612 1744 781 1800 itaque,
816 1757 869 1786 ne
901 1745 977 1785 aut
1006 1743 1240 1786 identidem
1272 1743 1368 1785 acta
1400 1756 1570 1798 agerem
1603 1743 1678 1784 aut
1710 1741 1764 1784 ab

167 1827 243 1871 illo
285 1829 487 1884 deceptus
526 1826 635 1870 falsa
673 1826 909 1869 conicerem
924 1857 934 1877 ‚
966 1827 1133 1881 praeter
1164 1825 1296 1881 ipsius
1328 1823 1629 1867 annotationes
1661 1823 1767 1866 alios

163 1909 298 1953 libros
333 1908 620 1953 consulendos
652 1923 764 1959 esse,
797 1908 912 1964 quod
946 1908 1156 1964 quantum
1191 1906 1380 1949 subsidia
1408 1921 1503 1948 mea
1533 1905 1640 1948 mihi
1670 1919 1766 1961 per-

162 1991 416 2048 mittebant,
452 1990 610 2046 ubique
640 1989 734 2032 feci.
770 1988 861 2040 Qua
887 1990 933 2032 111
960 2003 1006 2031 re
1035 1988 1198 2037 nemini
1220 1990 1391 2031 tantum
1410 1987 1541 2030 debeo
1558 1989 1769 2043 quantum

166 2073 364 2118 Gnonelo
421 2072 638 2116 KAmnmo
651 2106 662 2128 ‚
721 2073 841 2115 cuius
890 2071 1051 2128 egregii
1099 2071 1235 2114 critici
1282 2071 1366 2113 duo
1415 2070 1569 2113 eximia
1615 2084 1744 2127 opera
1758 2102 1769 2122 ‚

171 2155 499 2215 ¹&rim-ammata
546 2153 705 2198 Graeca
747 2171 796 2198 ea:
837 2155 1045 2213 lapidibus
1089 2154 1285 2204 conlecta,
1330 2153 1526 2196 Berolim'
1565 2155 1679 2210 apud
1719 2150 1772 2196 G.

216 2343 254 2387 1)
278 2342 494 2382 Paucissima,
519 2343 601 2376 unde
623 2342 719 2374 homo
742 2341 887 2384 cognosci
911 2341 1026 2385 possit,
1048 2341 1100 2373 hic
1120 2341 1276 2374 lectorum
1295 2340 1400 2383 gratia
1419 2341 1516 2373 addo:
1530 2340 1558 2379 I,
1571 2339 1625 2380 79,
1638 2339 1771 2381 2γέριις

172 2400 324 2442 Gougnyo
355 2398 532 2442 interprete
566 2400 614 2430 est
636 2401 798 2435 εεηεσίως
825 2398 853 2436 1,
878 2397 953 2436 200,
980 2398 997 2429 1
1023 2399 1135 2429 contra
1158 2396 1350 2429 sententiam
1374 2396 1452 2427 κατ’
1474 2394 1590 2436 ’ὄνειρον
1614 2395 1714 2428 vertit
1737 2395 1772 2427 in

169 2453 307 2486 somniis.
332 2453 380 2485 Cf.
405 2452 483 2492 203,
507 2454 545 2492 ὃς
570 2453 606 2492 1,
630 2453 714 2491 258,
739 2453 777 2491 3,
802 2452 855 2485 ubi
876 2463 951 2485 vera
971 2452 1065 2485 lectio
1078 2454 1125 2484 est
1137 2450 1343 2493 παραβώμιοι
1355 2450 1567 2495 ῥέξαι,θᾶ11118
1578 2449 1770 2492 παραβώμι’

172 2505 307 2552 ἰφέξαι,
328 2507 443 2541 habuit
466 2505 600 2552 ἰφέξαι,
624 2508 651 2540 si
674 2508 778 2540 Musis
797 2508 916 2551 placet,
943 2518 1002 2551 pro
1027 2506 1182 2549 ἐπισχεῖν
1206 2510 1237 2539 et
1262 2518 1306 2539 vs.
1333 2508 1351 2538 5
1372 2505 1533 2547 ἕκτροφος
1553 2506 1681 2548 (altrix)
1697 2517 1770 2539 cum

169 2563 260 2607 gravi
289 2563 465 2596 sententiae
497 2563 689 2596 detrimento
724 2563 822 2595 vertit
856 2565 1001 2602 alumna3
1037 2564 1054 2596 I
1079 2564 1155 2602 261,
1191 2562 1210 2597 7
1243 2560 1364 2604 Ζώγρει
1389 2562 1426 2600 (i.
1447 2572 1474 2593 e.
1495 2572 1603 2603 parce,
1628 2561 1773 2603 soepita).

171 2615 312 2650 δίο-ποτ’
333 2616 436 2662 ἅναξ,
457 2617 515 2649 τόν
539 2618 596 2650 σόν
619 2610 762 2658 ναεῶῆρα
785 2618 862 2658 μεθ’
888 2617 977 2658 ἡμῶν
1005 2623 1018 2655 ΙΙ
1047 2616 1268 2655 Κλαυδιαινόν,
1288 2619 1420 2658 Θρῃκῶν
1441 2618 1570 2657 πρῶτον
1590 2615 1622 2648 ἐν
1635 2614 1772 2659 εὖσεβίῃ

170 2675 269 2708 vertit
307 2676 388 2717 Cape
419 2674 522 2707 vivum
551 2676 637 2713 cett.;
668 2675 684 2707 1
705 2675 781 2714 263,
810 2676 852 2707 34
875 2674 1126 2716 ἀπρόφκτο
1142 2686 1156 2713 ς
1179 2673 1347 2714 Νέμεσις,
1371 2674 1393 2705 1.
1417 2684 1442 2705 e.
1468 2673 1658 2717 ineffabilis,
1682 2673 1773 2706 cuius

170 2741 287 2764 nomen
319 2730 440 2774 profari
470 2730 656 2770 horremus,
690 2728 741 2770 (ἳιν
763 2728 929 2771 τρέμομεν
954 2729 1066 2772 λέγειν
1089 2731 1205 2774 Soph.)
1229 2730 1257 2770 ei
1282 2731 1330 2762 est
1353 2740 1446 2772 quam
1470 2729 1570 2772 affari
1593 2739 1654 2761 non
1679 2729 1771 2765 lice&

172 2786 209 2819 11
233 2786 264 2826 6,
289 2786 310 2818 2
329 2783 416 2818 'la-m
438 2785 476 2828 (i.
490 2796 517 2818 e.
541 2783 681 2828 εἰκάζω)
706 2785 804 2817 vertit
827 2786 912 2823 scio;
937 2786 974 2818 11
1003 2786 1040 2817 19
1067 2786 1112 2818 bis
1134 2796 1191 2818 suo
1216 2787 1319 2817 marte
1339 2795 1455 2816 nomen
1474 2782 1676 2821 Ποτείδαια,
1690 2784 1774 2826 quod

171 2843 220 2874 est
242 2841 277 2874 111
299 2840 422 2884 lapide,
445 2840 573 2882 scripsit
595 2851 652 2884 per
676 2841 704 2879 I,
728 2840 895 2883 ignorans.
919 2842 1003 2884 quod
1027 2841 1121 2873 hodie
1144 2841 1195 2872 vel
1217 2840 1310 2884 pueri
1333 2840 1454 2878 sciunt,
1474 2839 1556 2872 illud
1575 2839 1658 2872 bons
1670 2841 1774 2872 aetate

172 2896 263 2929 unios
297 2906 409 2929 verum
442 2906 529 2935 esse,
564 2898 598 2929 ot
629 2896 790 2928 contrario
815 2907 923 2928 errore
947 2897 984 2928 ΙΙ
1012 2897 1087 2932 157,
1112 2897 1129 2928 1
1156 2893 1321 2933 numm
1345 2894 1482 2927 mutavit
1507 2894 1541 2927 in
1564 2892 1774 2932 11026131304,

173 2951 228 2984 111
262 2951 337 2990 898,
373 2953 395 2983 4
425 2951 525 2984 edidit
548 2949 640 2990 scios
665 2963 704 2983 τε
727 2951 784 2983 καὶ
806 2954 945 2984 Μουσῶν
970 2947 1052 2984 εὖνιν
1085 2951 1103 2983 ’έ
1116 2951 1130 2983 θ
1145 2963 1163 2989 η
1199 2950 1252 2983 κά
1266 2952 1374 2991 ρετ-ἥ
1389 2961 1404 2988 ς
1439 2961 1497 2993 pro
1518 2948 1606 2987 ’ἔθηκ’
1630 2948 1772 2990 ἀρετῆς,

172 3006 258 3050 quod
289 3016 388 3039 unum
418 3017 435 3038 e
464 3006 623 3050 plurimis,
652 3006 766 3049 quibus
789 3007 865 3039 haec
887 3007 985 3039 editio
1009 3010 1118 3046 scatet,
1143 3016 1314 3050 operarum
1336 3005 1499 3038 erroribus
1522 3015 1589 3038 esse
1616 3005 1772 3043 crederes,

173 3061 235 3094 nisi
258 3061 455 3094 contrarium
478 3062 710 3094 demonstraret
734 3061 833 3105 ipsius
856 3061 960 3094 versio
984 3061 1108 3094 Latina.
1131 3062 1190 3094 Sed
1212 3061 1265 3093 ubi
1278 3061 1322 3093 sic
1334 3071 1469 3104 pergens
1480 3062 1575 3092 finem
1587 3059 1776 3092 inveniam?
