2138 3580
946 382 1031 424 105

180 505 399 564 significat
431 504 592 559 σφόδρα
627 502 849 556 αἱνόμορος.
883 503 1049 546 Ibidem
1081 517 1142 547 vs.
1179 503 1205 545 6
1238 502 1372 545 malui
1414 500 1573 553 κείσομ’
1617 500 1699 553 ἐγὼ
1746 501 1787 544 δὲ

179 587 363 632 scribere
412 601 540 643 quam
588 585 746 637 κείσομ’
793 584 860 635 ἒγ’
904 582 1002 635 ὦδε,
1048 584 1161 626 inter
1202 598 1308 640 quas
1351 583 1585 639 scripturas
1631 583 1787 626 dubius

177 668 316 712 haesit
347 668 498 711 editor.
532 666 724 709 Tandem
758 666 792 708 δ’
821 666 849 708 4
881 666 1033 719 πρῶτος
1067 665 1181 708 valet
1208 664 1411 719 πρότερος.
1442 690 1498 697 —-
1531 663 1690 706 Omnes
1718 664 1786 707 XI

178 749 448 793 hexametros
474 747 633 791 habere
660 761 877 790 caesuram
908 746 1145 789 bucolicam
1164 745 1470 789 animadvertit
1488 744 1783 788 Mordtmann.

898 872 1064 915 XXIII.

243 966 409 1010 Ibidem
442 981 484 1022 p.
524 965 576 1008 18
595 979 658 1020 sq.
702 964 930 1020 Inscriptio
973 978 1127 1020 propre
1159 963 1456 1006 Nicomediam
1486 965 1668 1019 reperta.
1702 962 1782 1005 Ed.

181 1048 309 1091 idem.
355 1047 564 1109 Aen-laroma
604 1048 783 1099 ’Ἃπφου
828 1044 901 1098 ζῶν
943 1045 1270 1088 κατεσκέουασεν
1305 1045 1401 1099 (sic)
1436 1045 1567 1099 ἑαυτῷ
1601 1043 1782 1095 άνεξοδί-

184 1145 310 1173 αστον
341 1130 414 1172 σὺν
446 1133 539 1175 ταῖς
573 1128 717 1176 οἰκίαις
752 1128 881 1176 καθὼς
917 1127 1223 1181 περιείληπται.

364 1230 447 1280 Κῆν
479 1229 679 1284 σπεύδης,
716 1226 743 1271 ὦ
776 1227 904 1284 ξεῖνε,
938 1228 1028 1271 καὶ
1063 1229 1119 1279 ἢν
1156 1228 1338 1281 εὔκαιρος
1374 1227 1536 1282 ὂδεύης,

363 1313 478 1360 στῆθι
511 1309 656 1368 πα[ρ’]
691 1310 814 1362 οὑμὸν
847 1310 942 1364 (sic)
972 1314 1123 1363 σ[ἥ]μα
1151 1310 1220 1352 καὶ
1250 1309 1337 1364 εἴση
1365 1308 1547 1360 τοῦνομα
1571 1311 1722 1361 τούμὸν

364 1394 436 1436 οὐκ
468 1393 638 1446 άσόφως
672 1390 840 1445 ζητηθὲν
875 1391 951 1434 ὑπὸ
985 1389 1146 1443 ζώοντος
1181 1392 1306 1441 ἐμεῖο.

361 1473 505 1517 Ἐννέα
539 1473 767 1527 γράμματ’
801 1472 909 1526 ἔχω,
944 1471 1370 1528 [τε]τρα[σ·ύλλ]αβός
1405 1473 1505 1524 εἶμι,
1539 1473 1616 1516 νόει
1646 1473 1720 1515 σύ·

303 1554 330 1598 5
363 1556 408 1598 αἱ
442 1561 548 1609 τρεῖς
582 1556 626 1598 αἱ
661 1558 819 1608 πρῶται
851 1555 920 1598 δύο
952 1555 1182 1609 γράμματ’
1218 1554 1380 1608 ἔχουσιν
1417 1553 1599 1606 ἑκάστη,

364 1638 387 1687 ἧ
419 1637 540 1686 λοιπὴ
573 1637 614 1680 δὲ
647 1637 712 1679 τὰ
747 1642 860 1690 τρεῖα
895 1636 1004 1693 (sic),
1035 1638 1108 1679 καί
1140 1637 1237 1678 ὲῖσιν
1275 1635 1426 1688 ἄφωνα
1460 1638 1516 1678 τοὶ
1551 1634 1699 1687 πέντε,

365 1717 452 1761 ἐστὶ
488 1718 524 1761 δ’
557 1719 725 1770 άριθμὸς
758 1717 869 1760 πένθ’
904 1717 1176 1764 ἑκατοντάδες
1213 1717 1317 1774 [mk
1347 1717 1406 1765 δὶς
1442 1716 1568 1760 ἑπτά.

280 1786 297 1809 ⁷
365 1801 502 1843 Ταῦτ’
536 1797 600 1843 οὖν
632 1799 862 1856 ζητ[ή]σας
896 1798 966 1842 καὶ
1001 1800 1145 1851 γνούς,
1181 1796 1291 1845 ὅστις
1327 1815 1402 1852 περ
1437 1799 1455 1841 ὅ
1489 1798 1687 1852 γράψας,

425 1880 650 1937 γν[ω]στὸς
685 1878 756 1933 ἔση
791 1881 979 1927 Μούσαις
1015 1880 1084 1922 καὶ
1118 1880 1266 1935 σοφίης
1300 1879 1493 1933 μέτοχος.

252 1962 327 2009 ,10
359 1966 524 2012 Μνῆμοι
556 1961 592 2004 δ’
624 1961 720 2012 ἐμὸν
755 1961 847 2003 τόδε
881 1962 1066 2017 χε[ῖ]ρες
1103 1960 1162 2003 ἔτι
1197 1959 1360 2014 ζώοντος
1394 1959 1603 2018 ἔτευ[ξ]αν

254 2041 256 2043 ’
420 2042 579 2103 {alnov
614 2043 740 2095 γαίης
774 2049 1022 2086 TEPBOIO
1058 2039 1103 2091 ἣν
1137 2042 1322 2096 κατέχω.

174 2122 372 2167 Correxit
413 2123 697 2167 Mordtmann
741 2139 763 2166 e
805 2124 960 2167 vitioso
1006 2123 1176 2179 Papatii
1219 2124 1485 2180 apographo.
1538 2123 1703 2180 Nempe
1735 2123 1781 2165 in

174 2219 304 2262 supra
349 2205 521 2262 scriptis
571 2220 729 2248 nomen
778 2208 841 2248 est
891 2212 1207 2260 ΔΙΔΙΠΟΡΙΣ,
1254 2205 1369 2262 quod
1413 2219 1464 2247 ex
1510 2205 1595 2247 alio
1628 2205 1784 2257 titulo,

175 2287 422 2344 postulante
456 2302 515 2331 vs.
546 2288 586 2340 7,
616 2288 812 2332 correxit.
846 2287 963 2330 Idem
992 2288 1093 2331 νε.1
1126 2287 1231 2338 ξεῖνε
1261 2287 1379 2330 dedit
1405 2301 1483 2343 pro
1514 2292 1645 2338 σεῖνε,
1675 2301 1735 2330 νε.
1755 2286 1782 2329 2

177 2372 276 2423 παρ’
294 2369 414 2419 οὑμὸν
432 2383 509 2424 pro
528 2384 726 2425 παουμον,
745 2369 847 2411 licet
861 2369 1091 2411 barbarum
1110 2369 1167 2411 sit
1183 2369 1302 2420 οὑμὸν
1322 2383 1398 2424 pro
1419 2368 1514 2420 ἐμὸν
1531 2368 1600 2411 vel
1616 2367 1780 2423 τούμὸν,

177 2450 293 2506 quod
319 2451 432 2492 recte
457 2451 522 2491 est
549 2449 727 2501 deinde,
755 2450 827 2492 sed
856 2449 926 2492 hic
953 2452 1090 2492 metro
1119 2464 1206 2492 non
1233 2449 1489 2499 admittitur,
1521 2450 1642 2505 (num
1671 2449 1782 2491 forte

178 2531 294 2584 πα[ρ’
321 2531 365 2583 ά]
380 2531 538 2587 μὸνῗ),
567 2531 719 2573 deinde
747 2535 862 2582 σῆμα
891 2533 934 2573 et
960 2546 1021 2575 νε.
1042 2532 1066 2573 8
1087 2530 1286 2584 ζητήσας,
1305 2545 1383 2587 pro
1401 2536 1508 2582 σῑμα
1531 2532 1574 2572 et
1592 2529 1782 2583 ζητίσας,

175 2611 247 2669 qui
280 2613 426 2655 tamen
452 2612 637 2655 itacismi
665 2612 806 2655 nescio
833 2627 889 2655 an
916 2612 998 2669 ipsi
1025 2615 1243 2669 poetastro
1277 2612 1528 2664 debeantur,
1561 2614 1782 2668 praeterea

174 2707 236 2736 νε.
256 2693 280 2736 7
309 2693 377 2743 ἠδὲ
401 2708 479 2750 pro
509 2694 572 2737 εδε
601 2697 645 2736 et
671 2709 731 2736 vs.
765 2694 818 2736 10
846 2700 982 2748 χεῖρες
1011 2709 1089 2750 pro
1116 2710 1235 2747 χερες
1272 2697 1315 2737 et
1347 2709 1408 2737 vs.
1441 2695 1466 2737 9
1501 2694 1681 2746 γνωστὸς
1701 2707 1781 2750 pro

172 2790 358 2827 γνοστος.
392 2775 487 2818 Meo
520 2778 656 2818 marte
684 2776 1005 2832 postulantibus
1036 2777 1222 2819 numeris
1251 2777 1349 2819 dedi
1377 2777 1445 2819 καὶ
1477 2776 1521 2826 ἢν
1537 2790 1614 2832 pro
1635 2781 1751 2819 KHN
1768 2791 1779 2831 ;

174 2871 236 2900 νε.
270 2857 311 2908 6,
356 2856 430 2899 ubi
476 2857 595 2900 loeus
638 2871 726 2899 non
769 2859 834 2900 est
875 2858 1078 2913 articulo,
1122 2858 1352 2915 legendum
1386 2860 1492 2914 puto
1526 2858 1547 2906 ἡ
1581 2859 1702 2906 λοιπὴ
1736 2858 1776 2900 δὲ

175 2939 291 2994 τ[ε];
320 2938 424 2994 quid
451 2938 583 2981 lateat
613 2938 691 2981 sub
709 2939 870 2991 τερβοιο
889 2940 1143 2983 vocabulum
1162 2940 1322 2996 dactyli
1339 2954 1581 2982 mensuram
1600 2939 1778 2990 habens,

177 3018 388 3062 difficilius
421 3019 592 3076 quidem
625 3020 741 3063 dictu
774 3023 862 3072 est,
896 3022 969 3063 sed
1004 3021 1196 3077 suspicor
1227 3036 1374 3064 verum
1407 3036 1519 3065 esse:

741 3102 867 3154 γαίης
902 3103 1156 3156 τερμίου,
1193 3097 1237 3151 ἣν
1266 3103 1470 3157 κατέχω,
