2138 3580
955 329 1012 372 23

241 449 312 500 51',
349 450 390 501 1,
424 452 590 498 Μνόὶμα
627 450 819 507 [βλέπεις
854 451 939 507 ἐπὶ]
974 452 1059 495 κτὲ.
1095 451 1284 495 Jacobsii
1317 453 1383 494 est
1413 452 1780 507 supplementum,

179 543 259 586 pro
299 544 386 586 quo
426 530 582 574 Kaibel
625 531 778 574 maluit
818 535 973 582 μνᾶμα
1021 533 1125 589 [τόδ’
1170 533 1254 574 ἐστ’
1299 532 1403 588 ε’]πὶ.
1438 532 1581 575 Possis
1613 548 1782 589 quoque

181 614 336 664 μνᾶμα
371 612 514 668 [ὁράᾳς
548 612 638 669 ἒ]π)
672 611 836 664 σώματι
871 615 1054 665 κείμενον
1088 613 1227 667 ἀνδρὸς
1260 615 1426 666 ἀρίστου

241 747 520 802 530(Add.).
541 747 684 800 Σώζων
718 749 793 799 μὲν
828 749 991 805 πίστιν,
1027 751 1156 801 τιμῶν
1191 751 1232 793 δὲ
1266 750 1459 807 οέρ[ετο“ιν]
1496 750 1613 798 edm
1646 749 1722 794 ὦδε

605 830 750 873 Καλία
784 838 848 874 Σα
869 864 879 876 .
901 863 910 874 .
933 865 942 874 .
977 832 1172 885 πατρίδος
1206 833 1250 875 ἔκ
1284 832 1467 884 Τεγέας.

179 909 409 954 Manifesto
442 910 767 967 corrigendum:

360 992 592 1046 Καλ<λ)ίας
626 995 673 1036 ’Λ
699 1025 708 1036 .
729 1026 738 1037 .
760 1026 769 1036 .
803 994 997 1045 πατρίδος
1034 995 1078 1036 ἐκ
1110 994 1295 1046 Τεγέας.

174 1075 226 1115 ’Λ
272 1074 338 1115 est
377 1073 518 1129 prima
562 1074 707 1117 littera
748 1075 936 1118 nominis
981 1076 1140 1131 patris,
1183 1076 1301 1118 velut
1335 1076 1575 1127 Ἀλκμᾶνος
1608 1077 1781 1121 aliusve.

172 1155 226 1199 In
259 1154 402 1211 priore
435 1169 558 1198 versu
591 1170 613 1198 e
643 1156 784 1212 lapide
815 1157 1080 1199 restituenda
1112 1160 1176 1200 est
1207 1157 1346 1200 forma
1378 1159 1596 1215 antiquior
1629 1157 1778 1213 σῴζων.

223 1293 321 1337 117.
359 1292 528 1336 Ἐνθοὶδε
561 1296 640 1348 πῦρ
671 1293 718 1336 τὸ
749 1295 918 1348 Τρώων,
955 1295 1158 1342 Ἑλλάδος
1192 1293 1325 1346 ἄλγος
1360 1296 1531 1344 οὶποὶσης

419 1375 438 1418 ὁ
473 1375 671 1427 Πριάμοιο
705 1374 833 1429 Πάρις
867 1375 1068 1429 ψύχομαι
1103 1377 1363 1430 ἀκρολόφοις.

172 1455 356 1513 Reliqua
398 1457 545 1499 omnia
586 1457 918 1513 epigrammata,
964 1473 1074 1513 quae
1117 1473 1139 1500 e
1181 1459 1309 1514 peplo
1350 1458 1780 1514 pseudo-Aristotelio

172 1537 348 1594 collegit
380 1538 541 1590 editor,
576 1553 833 1595 quamquam
868 1539 994 1582 exilia
1026 1555 1128 1582 sane
1161 1543 1263 1582 sunt
1297 1543 1340 1582 et
1372 1540 1597 1596 perexigui
1630 1541 1780 1596 pretii,

173 1619 362 1662 numeris
392 1621 537 1662 tamen
570 1620 807 1676 perscripta
827 1623 941 1680 *sunt
971 1621 1033 1663 ita
1063 1621 1208 1676 bonis,
1242 1623 1291 1663 ut
1323 1622 1375 1663 de
1402 1622 1508 1664 vitio
1534 1624 1778 1677 suspectum

166 1700 350 1744 habeam
383 1701 508 1744 huius
541 1701 863 1757 epigrammatis
897 1716 1066 1744 versum
1099 1703 1311 1758 priorem,
1345 1703 1540 1759 legitima
1571 1703 1619 1745 in
1652 1704 1772 1758 epica

161 1783 210 1826 et
242 1782 430 1839 elegiaca
461 1783 579 1839 poesi
611 1798 784 1826 caesura
817 1786 1048 1826 carentem.
1083 1785 1283 1828 Fortasse
1315 1784 1421 1827 fuit:

353 1864 521 1907 Ἐνθοέδε
554 1867 633 1916 πῦρ
667 1865 838 1917 Τρώων,
874 1866 987 1922 [τῆς]
1023 1865 1230 1913 Ἐλλοέδος
1265 1863 1398 1917 ἄλγος
1434 1866 1620 1915 οὶποὶσης.

166 1944 365 1989 Ceterum
423 1945 575 1988 incisio
630 1945 714 1988 ista
759 1946 805 1988 in
853 1947 992 1989 medio
1043 1947 1290 1989 hexametro
1335 1950 1450 2003 apud
1494 1947 1776 1990 recentissimi

162 2027 257 2070 aevi
287 2029 530 2084 poetastros
564 2042 654 2071 non
687 2030 752 2071 est
783 2028 912 2084 plane
940 2028 1128 2071 insolita.
1159 2028 1229 2072 Sic
1245 2029 1292 2071 in
1310 2030 1391 2072 hoc
1408 2030 1549 2086 capite
1567 2030 1775 2073 habemus

164 2108 268 2160 623,
301 2109 352 2153 5:
384 2108 560 2163 χαίρετε
593 2109 627 2152 δ’
660 2111 694 2152 οἱ
730 2111 944 2161 παριόντες
979 2111 1140 2163 κεύχας
1175 2111 1280 2153 θέσθ’
1311 2111 1408 2164 ὑπὲρ
1438 2113 1593 2163 αὐτοῦ;
1626 2113 1727 2163 661,
1749 2111 1776 2154 2

165 2189 304 2243 ἀνδρὸς
338 2190 442 2233 θείου
476 2191 685 2243 Πουβλίου
719 2192 907 2234 Ἀττείου
943 2193 1206 2244 Καπίτωνος,
1239 2193 1315 2248 qui
1347 2207 1407 2234 vs.
1444 2193 1613 2235 veniam
1645 2193 1778 2235 habet

167 2275 345 2329 propter
386 2273 564 2315 nomina
596 2273 798 2329 propria3
829 2273 875 2316 in
911 2274 1050 2329 capite
1084 2273 1152 2316 III
1187 2275 1297 2329 164,
1338 2274 1387 2316 l:
1423 2274 1664 2323 Καλλιόπης
1698 2274 1775 2324 μὲν

164 2351 374 2406 Ὅμηρος,
409 2354 488 2397 σοὶ
523 2353 575 2397 δέ
607 2356 653 2397 οἱ
687 2354 839 2397 ἔπλετο
875 2356 1214 2411 αὐτηΗγλῶττα
1247 2355 1322 2404 μὲν
1357 2355 1573 2407 Εὐτέρπη,
1594 2355 1772 2407 Οὐρανίη

167 2432 210 2478 δέ
243 2437 333 2490 [γε]
365 2435 495 2489 Φρῆν,
529 2436 601 2478 sed
632 2435 877 2478 hexameter
909 2436 968 2478 sic
995 2437 1273 2492 corrigendus
1302 2436 1500 2480 videtur:
1529 2436 1772 2485 Καλλιόπης

169 2516 243 2568 μὲν
283 2515 466 2568 ’Όμηρος
512 2514 686 2571 (ἔην),
734 2518 811 2559 σοι
848 2518 882 2559 δ’
917 2516 1068 2560 ἔπλετο
1101 2519 1186 2562 κτὲ.
1221 2518 1354 2560 Porro
1388 2518 1441 2561 cf.
1476 2518 1543 2560 ΙΙΙ
1578 2518 1691 2570 212,
1730 2518 1772 2560 5.

167 2597 270 2648 247,
307 2600 343 2640 1.
371 2597 475 2654 248,
507 2600 548 2641 1.
581 2598 684 2651 262,
716 2600 758 2642 4.
790 2599 937 2651 328,1
958 2602 1000 2642 et
1018 2599 1058 2642 2.
1081 2600 1335 2651 385‚1-3.
1354 2600 1418 2643 IV
1438 2601 1510 2652 97,
1533 2601 1553 2642 1
1575 2603 1618 2643 et
1636 2601 1770 2652 4-6,

165 2679 240 2736 qui
281 2694 450 2731 versus,
494 2680 651 2736 partim
695 2679 965 2724 Christianae
1009 2681 1213 2737 originis,
1245 2696 1394 2724 omnes
1426 2682 1549 2725 valde
1582 2685 1774 2725 recentes

165 2765 269 2803 sunt·
309 2763 352 2803 et
395 2761 636 2816 deterrimi,
681 2762 834 2818 quibus
868 2763 1025 2805 multos
1058 2763 1244 2805 eiusdem
1278 2763 1442 2805 farinae
1477 2763 1675 2805 similiter
1707 2763 1776 2804 in-

168 2841 276 2884 cisos
292 2842 366 2898 qui
381 2841 463 2885 hoc
480 2845 583 2898 agat
599 2843 752 2885 addere
770 2844 918 2899 possit.
938 2842 1002 2888 Cf.
1022 2844 1074 2886 A.
1095 2844 1141 2886 P.
1161 2844 1227 2886 IX
1247 2845 1348 2895 655,
1372 2844 1409 2886 1.
1432 2846 1470 2886 3.
1490 2845 1545 2887 X.
1567 2845 1640 2900 44,
1660 2847 1701 2895 4,
1720 2844 1776 2886 al.

176 2976 277 3028 122,
299 2978 326 3021 3
359 3003 414 3010 -
451 2976 615 3030 ἔθανες,
656 2978 866 3035 Διονύσιε,
901 2980 971 3022 καὶ
1005 2981 1072 3023 τὸν
1105 2980 1351 3032 ἀνάγκης

384 3060 506 3104 κοινὸν
543 3061 801 3116 Περσεφόνης
839 3065 966 3106 πᾶσιν
1002 3062 1111 3115 ἔχεις
1147 3062 1349 3115 θάλαμον.
