2138 3580
904 309 989 355 131

145 436 272 479 καλὸν
298 434 364 490 ,sic
394 434 582 491 positum
615 434 770 478 habere
802 449 881 491 pro
914 437 1091 489 neutro,
1126 436 1174 476 ut
1200 432 1257 476 sit
1282 449 1370 476 rem
1389 431 1629 491 pulo-loram.
1665 430 1746 475 Vix

145 518 292 560 tamen
300 515 440 575 ‚aliud
473 516 742 572 relinquitur,
776 516 878 572 quia
908 516 1054 558 littera
1081 522 1114 558 E
1144 515 1216 569 (cf.
1250 515 1464 557 adiectum
1493 529 1518 557 a
1543 513 1643 558 stas:
1669 514 1750 557 ho-

145 599 439 654 moeotypum)
471 599 588 640 certa
615 598 703 652 est,
732 611 812 640 nec
837 596 960 639 video
985 611 1069 652 quo
1085 598 1213 652 pacto
1230 595 1358 638 τύπον
1375 595 1584 653 (ἄγαλμα
1596 596 1635 651 Ῥ)
1652 610 1750 651 pars

145 679 364 736 deperdita
379 679 617 722 hexametri
633 679 849 722 admittat.
868 677 1121 721 Notandum
1139 681 1284 720 autem
1300 677 1520 733 digamma
1535 677 1582 719 in
1600 677 1750 729 αὐτάρ.

204 761 463 805 ΡΗΑΒΒῙΜὈΒ
492 761 562 803 hic
588 759 823 804 statuarius
850 759 1173 815 antiquissimus
1199 757 1284 800 fuit
1309 757 1528 814 hucusque
1559 757 1750 814 ignotus.

142 842 208 886 De
238 842 324 885 alio
355 842 518 885 recenti
549 841 806 892 phaedimo,
841 842 893 895 de
924 854 1009 896 quo
1042 854 1148 883 num
1180 853 1328 882 revera
1362 838 1598 881 statuarius
1623 837 1753 881 fuerit

142 923 387 975 dubitatur,
431 922 711 966 consulantur
753 921 930 973 Brunn,
950 905 953 910 Ι
976 920 1130 965 Gesch.
1173 922 1216 963 d.
1251 919 1326 963 Gr.
1360 919 1414 963 K.
1447 919 1470 962 I
1499 935 1543 975 p.
1577 919 1665 963 612
1707 920 1752 962 et

142 1003 324 1061 Loewy,
355 1003 521 1047 Inschr.
556 1003 597 1047 d.
632 1002 706 1047 Gr.
740 1002 791 1045 B.
823 1002 902 1047 ΝΟ.
937 1001 1041 1046 432.

131 1076 135 1079 ’
798 1083 1087 1128 LXXXVIII.

202 1165 395 1208 Bulletin
437 1167 478 1207 d.
523 1164 571 1210 C.
604 1165 662 1207 H.
704 1180 742 1209 a.
793 1165 923 1216 1890,
966 1179 1007 1220 p.
1043 1164 1298 1207 546-551.
1349 1162 1562 1208 Columna
1603 1163 1750 1206 votiva

139 1247 294 1291 aetatis
324 1247 627 1290 Macedonicae
657 1249 828 1302 reperta
860 1261 886 1288 a
917 1246 966 1289 P.
992 1245 1183 1289 Jamotio
1215 1260 1349 1302 prope
1381 1245 1617 1288 aediculam
1650 1244 1749 1287 Mu-

129 1343 284 1392 saeum
331 1327 541 1384 Thespiis.
585 1327 690 1370 Alta
730 1329 795 1370 est
825 1327 860 1378 Ι,
895 1326 952 1369 20
986 1329 1108 1369 metr.
1151 1326 1256 1369 Eius
1290 1326 1408 1369 frons
1441 1326 1653 1382 descripta
1685 1327 1750 1368 est

137 1409 185 1452 in
211 1408 280 1452 III
310 1411 456 1465 partes
486 1408 664 1464 imparis
691 1408 1018 1464 magnitudinis,
1044 1409 1091 1450 in
1119 1422 1301 1464 quarum
1328 1422 1528 1464 suprema
1545 1410 1648 1450 sunt
1662 1410 1749 1450 tres

143 1489 402 1545 hexametri,
441 1490 488 1532 in
520 1490 716 1546 sequenti
748 1491 813 1532 est
845 1489 1092 1545 anaglyphe
1123 1489 1264 1545 operis
1295 1489 1526 1532 admodum
1557 1489 1675 1531 rudis
1707 1490 1750 1531 et

143 1571 357 1628 impoliti,
398 1571 586 1614 referens
626 1586 771 1614 senem
814 1571 991 1627 permiri
1023 1573 1220 1626 aspectus
1234 1602 1244 1622 ,
1279 1585 1374 1613 cum
1408 1570 1583 1613 efferata
1613 1570 1749 1613 barba

143 1656 188 1698 et
217 1654 347 1698 hirtis
379 1654 568 1711 capillis,
605 1668 777 1697 caecum
810 1655 992 1696 eundem
1027 1655 1069 1696 et
1095 1668 1192 1696 cum
1219 1653 1429 1695 foramine
1454 1652 1675 1709 triangulo
1701 1652 1749 1694 in

142 1750 310 1779 summa
351 1735 495 1778 fronte
538 1735 607 1792 (ut
637 1737 702 1778 est
732 1735 874 1778 videre
906 1735 953 1777 in
986 1734 1162 1777 adiectis
1192 1734 1353 1776 tabulis
1382 1733 1654 1790 heliotypicis
1684 1732 1749 1776 IX

145 1819 190 1861 et
220 1817 292 1872 X),
327 1831 454 1873 quem
481 1815 717 1859 Hesiodum
745 1831 834 1859 esse
860 1817 960 1872 post
990 1815 1231 1871 longiorem
1260 1814 1596 1871 disputationem
1622 1813 1749 1857 dubi-

140 1898 360 1942 tabundus
385 1897 628 1954 suspicatur
653 1897 814 1940 Jamot.
843 1895 1009 1953 Corpus
1043 1896 1133 1939 eius
1165 1895 1288 1952 quasi
1319 1910 1342 1938 e
1372 1895 1531 1951 vagina
1562 1895 1748 1951 quadam

139 1993 314 2036 surgere
355 1979 541 2030 videtur,
583 1993 693 2035 quae
737 1980 802 2021 est
843 1979 889 2020 in
926 1978 1076 2020 infima
1108 1977 1334 2020 columnae
1366 1978 1489 2033 parte
1520 1977 1748 2020 continens

140 2062 248 2104 duos
290 2060 465 2112 titulos,
509 2073 692 2116 quorum
725 2059 917 2115 superior
947 2058 1012 2102 IV
1046 2060 1218 2102 constat
1248 2058 1536 2110 hexametris,
1563 2060 1607 2100 et
1636 2058 1748 2101 infe-

137 2142 226 2185 rior
255 2141 447 2197 sculptus
480 2141 593 2184 circa
625 2154 827 2184 coronam
854 2140 1045 2183 lauream
1072 2140 1255 2183 totidem
1280 2139 1543 2183 continuisse
1562 2139 1750 2191 videtur,

138 2223 324 2268 Litteras
353 2223 603 2266 incertiores
633 2224 742 2266 teste
773 2222 935 2265 editore
967 2237 1055 2265 non
1090 2222 1255 2266 mutavi
1286 2222 1333 2264 in
1368 2222 1644 2265 minusculas.

200 2307 241 2349 α’
324 2311 361 2348 O
382 2337 391 2348 .
412 2311 544 2348 ,ουῙΟ
581 2339 591 2349 .
612 2338 653 2350 ..
692 2311 831 2347 ΔΙΟΣ
865 2304 1144 2358 ἈμφικρΙτ-ου
1178 2302 1366 2352 Μούσαις
1399 2302 1567 2353 ἀνέθηκε

322 2392 575 2434 οςΜΑ....
609 2391 873 2430 ΠΕ...των
906 2391 1268 2428 ..Λ....Σ.ιν
1303 2385 1445 2432 delum,-

323 2467 393 2510 και)
426 2468 609 2524 γέν[ε]ος
641 2467 688 2510 τὸ
720 2466 840 2515 τέλος
876 2499 886 2510 .
907 2499 917 2509 .
934 2472 1118 2509 ΝΟΙΚΑ
1155 2499 1165 2509 .
1185 2498 1196 2508 .
1217 2498 1226 2508 .
1248 2498 1257 2508 .
1275 2471 1411 2516 Noua.
1435 2463 1564 2519 σῴζοι.

138 2548 275 2592 Terfii
303 2563 449 2592 versus
481 2549 610 2592 finem
643 2549 772 2592 fuisse
805 2548 875 2591 καὶ
903 2547 1083 2599 τοῦνομα
1113 2545 1228 2601 σῴζοι
1258 2547 1540 2603 probabiliter
1563 2547 1749 2591 coniecit

137 2629 276 2673 editor
306 2629 413 2674 haec
443 2630 628 2674 addens:
664 2630 752 2673 »Le
785 2645 884 2672 sens
916 2629 1092 2686 general
1124 2629 1176 2671 de
1209 2643 1277 2672 ces
1302 2628 1407 2671 trois
1433 2643 1527 2672 vers
1555 2631 1619 2671 est
1645 2643 1747 2685 pro-

138 2711 408 2763 bablement3
448 2727 510 2754 un
550 2712 633 2764 tel,
677 2711 744 2754 fils
790 2710 1152 2767 d’Amphicritos,
1195 2725 1221 2752 a
1253 2710 1375 2753 dedie
1409 2711 1521 2752 cette
1555 2710 1748 2753 offiande

141 2806 226 2836 aux
265 2792 431 2848 Muses,
477 2792 539 2836 lui
584 2793 657 2848 qui
690 2796 728 2835 le
758 2793 852 2835 leur
883 2806 1084 2836 consacre
1117 2806 1228 2848 pour
1258 2791 1501 2835 l’eternite:
1534 2791 1677 2848 puisse
1708 2792 1748 2835 le

138 2876 392 2917 monument
420 2888 573 2917 sauver
604 2876 656 2916 de
683 2873 837 2916 l’oubli
863 2873 907 2916 le
934 2887 1036 2916 nom
1063 2873 1121 2916 du
1149 2873 1372 2924 donateur,
1392 2856 1562 2915 dernier
1578 2873 1747 2929 rejeton

139 2954 192 2997 de
234 2969 281 2997 sa
323 2954 465 2998 race.”
513 2954 765 3011 Suspicatur
797 2956 940 2997 autem
972 2954 1090 2997 hunc
1122 2967 1259 3010 genus
1290 2953 1537 3009 repetivisse
1569 2953 1624 2997 ab
1654 2954 1747 3011 ipso

138 3032 343 3081 Hesiodo,
378 3061 434 3069 —
467 3036 577 3080 Mihi
613 3051 701 3080 non
733 3036 881 3093 liquet.
