2138 3580
1158 335 1184 376 4

386 454 549 509 excepit
587 454 941 509 immaturumque
982 454 1287 497 adolescentem
1326 456 1372 498 in
1403 457 1633 499 amicorum
1666 473 1839 501 numero
1870 473 1958 502 esse

385 534 531 584 iussit3
562 548 690 589 quam
721 534 948 576 amicitiam
982 534 1086 576 mihi
1112 536 1154 576 et
1179 538 1325 591 postea
1347 537 1509 592 saepius
1525 538 1677 580 litteris
1694 539 1958 596 consiliisque

384 614 652 670 philologieis
683 616 861 657 testatus
889 617 952 656 est
978 617 1021 657 et
1048 616 1228 671 nuptiali
1252 631 1417 672 quoque
1439 619 1555 676 ³dono
1573 633 1610 661 a.
1632 620 1745 662 1864
1760 651 1770 671 ‚
1787 620 1956 663 Antho-

383 694 522 750 logiae
552 710 649 737 suae
680 695 894 738 volumine
926 696 1085 751 primo,
1117 698 1228 752 quod
1261 699 1505 753 praesertim
1530 699 1604 741 illa
1630 714 1759 742 manu
1784 700 1957 744 missum

384 777 448 818 est
478 776 802 819 bibliotheculae
835 791 951 819 meae
982 778 1200 827 κειμήλιον.
1245 777 1306 820 De
1337 778 1562 835 epitaphiis
1588 780 1795 835 imprimis
1826 781 1959 838 scrip-

384 857 479 898 turo
511 856 706 911 ignoscat
735 857 841 898 mihi
870 856 1004 899 lector
1035 857 1146 900 hanc
1177 859 1227 900 de
1261 859 1349 901 viro
1381 859 1594 902 carissimo
1621 861 1827 917 rebusque
1858 861 1961 905 meis

384 937 656 979 mentionem.
690 937 781 979 Iam
813 938 936 980 redeo
967 939 1014 980 in
1046 939 1170 981 viam.

443 1017 661 1060 Ambrosii
705 1018 884 1061 Firmini
924 1019 1107 1071 Didoni,
1151 1020 1231 1063 viri
1272 1021 1436 1072 eximii,
1480 1024 1579 1064 vota
1620 1022 1801 1064 multum
1841 1023 1961 1066 abest

384 1100 433 1140 ut
474 1099 599 1154 plene
631 1100 828 1142 exaudita
858 1100 957 1144 sint.
1006 1099 1118 1142 Nam
1149 1101 1307 1156 prodiit
1337 1102 1505 1157 quidem
1537 1102 1616 1144 hoc
1646 1102 1739 1158 ipso
1771 1117 1886 1146 anno
1910 1104 1958 1146 in

383 1178 582 1221 heredum
629 1181 717 1222 eius
764 1180 930 1223 officina
976 1181 1245 1237 Antholoyiae
1292 1183 1475 1225 volumen
1517 1185 1683 1226 tertium
1697 1214 1707 1234 ‚
1754 1186 1957 1227 continens

383 1260 706 1317 Epiyrammata
747 1270 880 1304 vetera
919 1277 967 1304 ece
999 1263 1114 1304 libris
1142 1271 1180 1305 et
1212 1264 1486 1305 mar-moribus
1517 1265 1660 1314 dueta,
1696 1266 1957 1307 annotatione

382 1341 536 1382 inedita
584 1342 873 1393 Boissonadii‚
919 1341 1148 1385 Chardonis
1189 1345 1236 1386 de
1276 1344 1317 1385 la
1350 1344 1563 1395 Romane,
1597 1344 1766 1396 Bothii,
1793 1347 1956 1403 partim

382 1422 535 1464 inedita
579 1422 761 1465 Jacobsii
773 1454 782 1473 ‚
826 1425 993 1466 metrica
1031 1425 1206 1466 versione
1247 1424 1437 1480 Huyonis
1483 1423 1642 1481 Graii,
1677 1434 1716 1468 et
1745 1434 1958 1484 apparatu

381 1503 519 1544 critico
561 1504 761 1545 instructa
807 1505 856 1545 ab
897 1503 1106 1546 Enmnno
1147 1503 1326 1548 GOUGNY
1340 1537 1350 1556 ‚
1398 1504 1548 1549 Graece
1590 1515 1628 1549 et
1654 1494 1707 1547 vI
1714 1509 1823 1550 atine
1867 1523 1958 1550 cum

382 1584 579 1625 indicibus
614 1585 958 1640 epiyrammatum
991 1593 1030 1626 et
1056 1594 1274 1641 poetarum
1288 1617 1298 1636 ‚
1332 1587 1402 1627 sed
1436 1586 1697 1628 desideratur
1727 1587 1958 1642 promissus

384 1663 438 1705 ab
468 1663 543 1705 illo
573 1666 695 1706 index
723 1680 862 1707 rerum
893 1673 931 1707 et
961 1667 1172 1708 nominum
1203 1668 1246 1708 in
1277 1668 1507 1709 universam
1535 1667 1828 1723 Antholoyiam
1843 1698 1854 1719 ,
1880 1663 1979 1710 nec'

386 1743 571 1786 delectus
613 1759 775 1800 semper
800 1745 951 1788 -factus
981 1748 1067 1797 est,
1100 1747 1267 1802 qualem
1299 1750 1373 1788 aut
1403 1747 1492 1802 ipse
1526 1747 1779 1802 probaturus
1809 1747 1959 1790 fuisset

385 1826 461 1866 aut
491 1839 568 1868 nos
598 1826 777 1881 probare
807 1827 1037 1882 possimus,
1070 1828 1170 1883 quia
1202 1828 1360 1884 editor,
1393 1828 1427 1870 si
1458 1829 1602 1871 omnia
1631 1829 1828 1884 colligere
1859 1828 1955 1871 nol-

384 1905 469 1956 let,
502 1920 578 1961 pro
611 1907 757 1949 multis
789 1909 998 1950 extremae
1029 1907 1248 1950 barbariae
1274 1909 1427 1951 fetibus
1453 1923 1547 1951 cum
1576 1924 1628 1951 ex
1642 1909 1810 1951 Kaibeli
1823 1909 1956 1965 copiis

383 1988 473 2028 tum
521 2002 571 2029 ex
611 1988 661 2029 iis
702 2003 809 2043 quae
850 1991 947 2044 post
984 1989 1107 2031 huius
1146 1990 1435 2032 collectionem
1475 2005 1498 2031 e
1538 1990 1750 2046 lapidibus
1781 1990 1954 2046 volgata

382 2071 482 2109 sunt
528 2068 710 2110 melioris
751 2069 900 2111 saltem
934 2071 1059 2111 notae
1091 2070 1397 2125 epigrammata
1437 2072 1557 2112 edere
1595 2073 1803 2126 potuerat.
1845 2070 1958 2113 Mihi

383 2148 519 2203 enim,
562 2164 686 2204 quem
730 2151 782 2191 ad
822 2150 993 2205 plenam
1036 2151 1327 2193 collectionem
1358 2151 1593 2193 faciendam
1626 2152 1792 2206 praeter
1823 2151 1958 2193 otium

381 2229 568 2271 subsidia
598 2230 822 2285 deficiunt,
866 2231 1062 2286 colligere
1091 2231 1209 2274 licuit
1236 2232 1454 2287 octoginta
1484 2232 1612 2274 ferme
1638 2232 1786 2274 titulos
1812 2232 1959 2274 metri-

383 2323 472 2360 cos,
517 2309 585 2352 hic
630 2310 718 2352 illic
763 2326 928 2366 sparsos
968 2312 1014 2353 in
1057 2312 1175 2354 libris
1217 2313 1463 2367 periodicis,
1505 2327 1609 2368 quos
1650 2312 1807 2355 frustra
1846 2314 1958 2368 apud

386 2388 639 2445 Gougnyum
670 2391 947 2446 quaesiveris;
980 2407 1110 2447 qnare
1143 2393 1355 2434 corrolarii
1386 2393 1522 2434 instar
1553 2407 1706 2435 novam
1733 2393 1843 2436 hanc
1869 2393 1957 2436 001-

383 2470 682 2513 lectiunculam
715 2472 780 2513 his
812 2472 914 2514 meis
946 2473 1294 2515 annotationibus
1325 2473 1579 2529 subiungere
1610 2474 1746 2516 visum
1779 2475 1855 2516 est.

440 2552 497 2593 At
538 2552 610 2593 isti
651 2553 820 2607 quidem
852 2553 1017 2608 optioni
1047 2554 1184 2596 minus
1217 2554 1328 2596 felici
1358 2554 1693 2609 ignosceremus,
1726 2555 1954 2597 dummodo

380 2630 559 2687 Cougny
606 2647 654 2674 ea
695 2647 801 2688 quae
833 2633 1004 2689 collegit
1035 2636 1107 2676 aut
1139 2635 1377 2690 colligenda
1406 2635 1569 2677 curavit
1601 2635 1706 2677 bene
1727 2635 1954 2690 edidisset3

379 2712 450 2753 sed
498 2714 650 2779 contra
688 2716 772 2764 est,
822 2728 921 2756 nam
965 2729 1100 2769 neque
1140 2718 1331 2757 accurate
1373 2730 1480 2770 quae
1524 2717 1635 2757 recte
1666 2714 1824 2756 tradita
1852 2717 1957 2757 sunt

380 2793 592 2848 vulgavit,
637 2808 714 2836 nec
745 2794 1023 2837 diiudicandis
1055 2795 1240 2837 virorum
1273 2797 1492 2837 doctorum
1524 2795 1775 2837 coniecturis
1805 2809 1955 2836 sanum

379 2874 648 2929 sobriumque
695 2874 888 2919 adhibuit
928 2875 1155 2926 iudicium,
1200 2890 1277 2917 nec
1318 2889 1405 2917 non
1448 2889 1555 2930 quae
1595 2874 1683 2929 ipse
1715 2888 1790 2916 suo
1823 2876 1956 2917 marte

379 2955 562 2996 mutavit
603 2955 756 2996 solidae
798 2956 1015 2998 doctrinae
1049 2958 1091 2998 et
1122 2971 1268 3007 sanae,
1301 2970 1434 3011 paene
1465 2955 1637 2997 dixerim
1654 2985 1664 3005 ‚
1697 2954 1848 2997 mentis
1878 2955 1954 2996 ab·

380 3034 559 3076 sentiam
590 3037 834 3077 ostendunt.
871 3035 1045 3078 Labitur
1072 3037 1183 3078 enim
1212 3036 1413 3078 continuo
1442 3036 1487 3078 in
1514 3037 1762 3078 accentuum
1792 3035 1956 3078 ratione
