2138 3580
884 303 938 344 57

283 462 286 468 .
321 425 449 470 Τόνδε
482 427 562 479 ἐγὼ
595 433 694 482 σιγῇ
726 443 772 470 τε
807 426 876 469 καὶ
911 427 954 469 οὐ
986 429 1278 470 λαλλοῦσα
1311 426 1488 479 διδάξω,

108 508 185 554 sed
214 508 461 562 λαλ[έ]ουσα
495 508 793 566 corrigendum
829 523 917 551 esse
951 508 1148 551 arbitror.

169 649 271 695 682.
304 650 373 695 Sic
405 651 535 696 vertit
566 652 703 695 editor
735 652 984 694 Parisiensis
1018 651 1327 695 »Ammonium
1356 654 1482 695 deum
1510 652 1555 695 in
1586 653 1700 697 bono

110 734 322 776 versatum
365 733 467 777 vidi.
522 732 742 777 Contentus
783 742 888 788 esto,
931 734 1028 777 bone
1071 736 1214 789 pater,
1260 734 1334 790 qui
1366 748 1541 777 aureum
1573 748 1706 791 genus

109 829 190 874 pro
232 823 270 858 te
310 815 536 858 edideris.”
578 814 663 858 Tot
703 818 930 871 tantasque
969 815 1152 871 ineptias
1194 815 1362 858 effutire
1395 816 1547 859 maluit
1577 831 1705 873 quam

114 898 252 940 certas
283 897 469 953 recipere
499 895 670 940 Kaibeli
700 900 759 953 (p.
794 897 897 950 431)
928 896 1268 939 emendationes:

333 977 565 1030 Ἀμμώνιον
597 978 682 1021 θεὸν
716 979 920 1032 Χριστῷ
952 977 1239 1030 μεμελημένος
1276 975 1392 1021 εἶδον.
1446 989 1448 991 ’

326 1057 458 1112 ἵλαθι,
493 1062 687 1113 Χριστὲ
721 1060 878 1116 πάτερ,
911 1060 1084 1114 χρύσεον
1113 1060 1230 1112 γένος
1263 1061 1567 1114 ainhun-omium.

119 1141 274 1199 quibus
322 1141 516 1185 admissis
561 1157 638 1199 pro
683 1144 850 1197 χρηστῷ
892 1144 935 1185 et
965 1142 1146 1196 χρηστὲ,
1179 1141 1304 1185 facile
1340 1145 1404 1185 est
1434 1142 1708 1199 intellegere,

116 1222 220 1280 quid
253 1223 349 1280 pius
382 1223 511 1266 homo
543 1222 813 1268 Christianus
845 1224 1038 1268 voluerit.

114 1361 218 1412 688,
250 1359 292 1404 2.
330 1361 425 1414 πρός
459 1377 506 1403 τε
541 1362 793 1411 δικαιοσύνην
828 1360 896 1403 καὶ
932 1365 1015 1407 τοῖς
1050 1359 1245 1407 ἄλλοις
1280 1358 1453 1404 ἅπασιν.

113 1441 222 1486 Cum
263 1443 407 1486 nullus
449 1443 557 1486 alius
598 1444 653 1486 sit
693 1444 738 1486 in
781 1443 945 1500 reliquo
988 1444 1200 1499 poematio
1244 1458 1520 1486 numerorum
1565 1444 1708 1500 lapsus

113 1525 231 1582 (nam
266 1526 382 1582 quod
411 1540 473 1569 vs.
508 1526 535 1568 3
567 1525 612 1568 in
645 1525 807 1568 δικαίαν
839 1525 1136 1582 diphthongus
1169 1525 1418 1581 corripitur,
1437 1526 1482 1568 id
1499 1525 1708 1569 similibus

116 1606 321 1663 exemplis
375 1607 567 1650 excusari
609 1608 770 1664 potest)
812 1607 885 1649 vix
928 1607 1077 1650 dubito
1118 1608 1223 1663 quin
1266 1607 1294 1650 ἄ
1309 1618 1334 1650 λ
1349 1618 1374 1650 λ
1388 1623 1524 1651 οισιν
1576 1608 1708 1651 corri-

114 1689 303 1745 gendum
333 1689 403 1733 sit.
436 1688 587 1745 Neque
619 1689 730 1732 enim
766 1691 892 1745 poeta
923 1689 1161 1745 culpandus
1193 1692 1278 1745 est,
1314 1691 1386 1732 sed
1415 1690 1575 1742 editor,
1594 1690 1707 1746 quod

113 1783 195 1814 vss.
224 1769 340 1814 5-7
369 1769 486 1814 hune
512 1771 558 1813 in
576 1771 749 1813 modum
768 1771 1047 1824 ἀμετρώτικτοι
1067 1773 1110 1813 et
1124 1771 1390 1827 ineptissime
1408 1771 1565 1827 expleti
1582 1774 1705 1816 sunt:

326 1853 416 1895 Οὔκ
447 1853 674 1909 ἀπό]τιμος
707 1853 790 1895 ἀπὸ
822 1855 972 1906 μητρὸς
1006 1854 1107 1903 ἐμῆς
1145 1853 1214 1895 καὶ
1249 1853 1401 1906 πατρὸς
1433 1853 1597 1904 ἄπειμι.

325 1935 415 1977 Οὐκ
446 1933 713 1992 ἄντιρρί]π·τω
747 1932 831 1981 οἵοις
865 1934 1045 1987 χάριτας
1080 1950 1147 1986 μοι
1181 1934 1422 1986 ἀπέδωκαν,

282 2070 289 2076 ·
333 2014 456 2059 κᾶστι
492 2015 604 2067 θέμις
637 2016 783 2063 τοκέας
815 2016 948 2071 π]αρὰ
985 2016 1140 2059 παίδων
1171 2017 1433 2068 κομίσασθαι.

118 2095 291 2140 Incerta
321 2097 491 2154 quidem
523 2101 586 2140 est
615 2098 697 2140 loci
727 2098 964 2150 restitutio,
997 2100 1071 2141 sed
1102 2113 1196 2141 eum
1231 2113 1282 2141 ex
1308 2098 1566 2155 apographis
1593 2100 1707 2155 apud

109 2177 352 2222 Kaibelium
392 2193 492 2236 pag.
537 2180 590 2222 31
639 2182 845 2236 appareat
888 2180 941 2222 ab
982 2180 1109 2223 initio
1154 2181 1281 2236 primi
1323 2181 1475 2223 horum
1510 2195 1705 2223 versuum

111 2259 222 2303 solas
252 2259 418 2303 litteras
450 2267 522 2304 OC
554 2264 688 2304 certas
719 2276 830 2318 esse,
867 2264 1035 2305 tentare
1067 2262 1218 2305 saltem
1250 2262 1413 2306 licebit:

328 2345 416 2385 Νῦν
449 2342 484 2385 δ’
514 2342 762 2400 ”Λ“ι’δ]όσ[δ’]
801 2344 883 2386 ἀπὸ
916 2344 1066 2396 μητρὸς
1102 2345 1203 2395 ἐμῆς
1239 2344 1306 2386 καὶ
1341 2343 1495 2398 πατρὸς
1528 2343 1691 2397 ἄπειμι.

327 2424 479 2472 Παῖδες
515 2425 599 2481 (vel
632 2425 808 2482 παῖδας)
841 2425 881 2468 δὲ
914 2426 1097 2481 κρύ]πτω
1133 2424 1216 2473 οἵαις
1245 2426 1426 2480 χάριτας
1456 2442 1522 2477 μοι
1552 2431 1616 2478 (Ξ
1639 2426 1707 2480 μ’)

1446 2508 1706 2565 [ἀπ-ἔδωκαν·

324 2589 453 2636 Τοίας
481 2588 702 2639 μέλλουσιν
732 2589 870 2644 π]οιραὶ
899 2594 995 2631 τῶν
1019 2589 1097 2646 (sic
1114 2589 1242 2646 lapis)
1261 2591 1417 2632 παίδων
1439 2590 1701 2641 κομίσασθαι.

110 2668 325 2712 Defuncto.
355 2669 532 2725 mulier,
568 2684 676 2726 quae
708 2673 750 2712 et
782 2686 806 2712 a
838 2671 1087 2726 parentibus
1119 2674 1162 2713 et
1195 2687 1219 2714 a
1252 2671 1396 2714 liberis
1429 2672 1519 2715 suis
1540 2673 1706 2715 iniuriis

109 2765 199 2794 sese
243 2751 439 2794 affectam
472 2767 561 2795 esse
592 2752 830 2808 signifieat,
865 2753 940 2796 hos
974 2754 1129 2796 similia
1162 2769 1186 2795 a
1220 2755 1306 2796 suis
1338 2754 1530 2810 ipsorum
1563 2754 1706 2798 liberis

113 2834 362 2889 experturos
401 2847 491 2875 esse
533 2835 688 2889 sperat.
724 2833 859 2876 Aliter
891 2832 1059 2878 Kaibel.
1097 2861 1152 2866 —
1187 2835 1261 2878 Vs.
1300 2837 1326 2878 3
1362 2836 1599 2887 κεκόνισμαι
1636 2839 1705 2893 ty-

115 2913 423 2970 pographieum
456 2914 606 2956 vitium
642 2918 705 2956 est
737 2929 814 2970 pro
848 2916 1109 2968 κεκόμισμαι.

181 3051 264 3094 691
285 3083 296 3104 ,
338 3052 377 3095 6.
410 3053 469 3103 μή
502 3051 579 3094 τιν’
616 3053 772 3107 ἐνθήσῃς
815 3080 863 3086 -
900 3053 1050 3110 ὑφέξῃς
1085 3081 1137 3087 -
1173 3054 1311 3112 δώσῃς.
1363 3056 1420 3099 Hi
1453 3057 1705 3100 barbarismi
