2138 3580
898 313 954 355 67

134 438 233 491 186,
272 440 308 483 l·.
343 437 538 486 Δῖῶνος
573 436 905 488 σπειρήματ’
938 434 1235 490 ἀφυσσάμενος
1269 436 1346 478 ἀπ’
1381 435 1493 487 ἐμεῖο

176 499 178 502 ¹
342 518 554 570 παιδείης,
587 517 736 570 μύθους
771 517 889 569 γνῶθι
926 516 1231 569 παλαιγενέας.

129 600 184 646 In
214 601 296 645 hoe
327 601 633 658 epigrammate
665 599 778 655 apud
804 598 1005 641 Photium
1034 598 1150 644 Bibl.
1177 600 1268 642 eod.
1292 598 1370 640 181
1394 597 1507 641 facto
1523 598 1569 640 in
1586 598 1720 654 Apol-

129 683 267 729 lodori
314 682 617 727 bibliothecam
660 681 811 724 melius
852 681 1098 737 intellegam
1145 682 1331 728 αἰῶνος
1375 696 1493 732 πειρ
1508 680 1720 736 ἤματα,

130 767 220 810 aevi
256 766 549 824 experientias,
584 763 674 806 soil.
707 763 916 807 historias.
951 761 1061 812 Quid
1094 763 1207 805 enim
1240 763 1322 806 sibi
1355 762 1458 806 velit
1489 771 1721 821 temporum

131 849 244 893 orbes
269 848 444 901 ,haurire
475 862 523 891 ex
554 846 804 906 Apollodori
835 847 1001 889 scientia
1015 879 1025 897 ,
1062 845 1167 887 mihi
1200 845 1427 889 obscurum
1461 848 1536 889 est.

142 1038 144 1040 v
192 1013 291 1070 189,
326 1013 367 1056 5.
400 1012 453 1056 In
486 1013 606 1056 suavi
640 1012 813 1056 aestatis
850 1011 1134 1068 descriptione
1166 1012 1374 1067 legimus:

340 1095 453 1148 ὄρνεα
485 1094 522 1139 δ’
557 1097 777 1149 εὐφωνοῦσι
811 1095 879 1138 καὶ
913 1094 1077 1146 ἄλσεσι,
1111 1094 1256 1138 εὔσκιω
1291 1094 1444 1148 δένδρα.

128 1177 283 1222 Utrum
324 1177 429 1220 haee
470 1177 760 1232 intellegenda
804 1177 855 1218 de
898 1176 985 1219 leni
1028 1177 1228 1219 arborum
1273 1175 1481 1232 perflante
1525 1176 1719 1233 Zephyro

128 1274 325 1311 susurru,
358 1273 414 1302 an
444 1258 554 1301 dixit
586 1261 712 1314 poeta
744 1258 860 1300 κατ’
893 1257 1066 1301 olm-soz?
1099 1257 1304 1314 Ambigo.

191 1423 291 1467 190.
341 1423 417 1467 Ἐκ
459 1423 608 1477 δρυὸς
651 1420 772 1474 οἶνος,
820 1422 994 1466 τοῦνεκα
1028 1428 1094 1475 (=
1130 1421 1294 1480 οὕνεκα)
1328 1423 1372 1466 ἐκ
1406 1425 1533 1471 Διὸς
1567 1422 1719 1477 ἔδραμε

340 1504 551 1553 Διόνυσος·
586 1505 671 1548 κτὲ.
1566 1506 1721 1562 [μηρῶν

56 1650 59 1653 ζ
128 1587 327 1645 Frigidus
368 1588 484 1631 iocus
525 1588 684 1644 petitus
727 1603 749 1630 e
793 1587 1075 1630 similitudine
1118 1588 1422 1631 vocabulorum
1464 1587 1574 1640 δρυός
1606 1591 1723 1644 (pro-

132 1669 288 1714 nuntia
318 1672 450 1723 drios)
482 1673 524 1713 et
557 1670 667 1716 Διός.

134 1834 235 1886 196,
271 1835 310 1878 7.
345 1831 399 1881 οἷς
433 1831 576 1880 οἶκος
613 1831 766 1884 Αἵδης,
803 1833 1013 1888 Ἀχέρων,
1051 1835 1204 1886 Λίμνη,
1242 1835 1420 1889 Χάρων
1452 1837 1537 1879 κτὲ.

129 1915 317 1959 Bandini
363 1915 501 1959 Catal.
549 1915 606 1963 II,
656 1931 697 1972 p.
747 1916 818 1958 45.
870 1915 1072 1959 Fortasse
1118 1917 1291 1974 ineptus
1334 1921 1547 1974 poetaster
1578 1919 1723 1975 paullo

131 1997 272 2042 minus
301 1998 447 2055 inepte
479 1998 650 2056 scripsit
681 1995 735 2046 οἷς
771 2000 945 2047 κοινὸς
982 1997 1110 2049 Αἵδης
1143 2000 1239 2043 κτὲ.“

135 2164 233 2222 197,
271 2165 308 2207 3.
346 2162 490 2216 Ξέρξης
524 2163 754 2215 βασιλεύς,
791 2165 965 2216 Δαρείου
1000 2170 1101 2211 παῖς
1138 2166 1174 2206 κ’
1209 2165 1447 2214 'Arda-nc.

129 2239 299 2291 Revociz
338 2246 494 2289 codicis
536 2246 761 2288 lectionem
807 2246 845 2288 κ’
889 2247 1181 2298 Ἀτόσσης,
1226 2249 1340 2303 quod
1383 2248 1429 2290 in
1462 2248 1547 2290 fine
1580 2263 1722 2291 versus

126 2327 292 2386 politici
331 2328 492 2384 optime
533 2327 685 2378 habet,
733 2343 820 2371 non
865 2331 1036 2370 tantum
1080 2329 1125 2371 in
1158 2329 1403 2372 nominibus
1435 2330 1640 2387 propriis,
1676 2333 1724 2373 ut

130 2408 195 2452 IV
230 2409 302 2461 87,
338 2410 374 2451 1.
414 2408 514 2460 121,
551 2409 604 2451 12
636 2412 678 2451 et
714 2410 782 2460 16,
822 2410 921 2461 140,
955 2411 996 2454 4.
1032 2409 1071 2452 V
1106 2410 1176 2461 54,
1216 2411 1286 2466 17,
1319 2413 1391 2453 sed
1423 2411 1550 2454 etiam
1573 2412 1617 2454 in
1645 2427 1722 2468 ap-

98 2519 102 2522 ·
132 2490 371 2548 pellativiS‚
415 2493 462 2533 ut
500 2490 547 2533 in
590 2491 671 2533 hoc
713 2491 805 2546 ipso
839 2492 1026 2534 carmine
1060 2507 1120 2534 vs.
1158 2494 1195 2535 1.
1234 2492 1332 2547 196,
1368 2494 1410 2536 8.
1445 2493 1547 2544 218,
1582 2494 1622 2536 2.
1657 2494 1721 2537 IV

132 2573 204 2626 91,
246 2571 289 2617 2.
332 2572 373 2616 V
415 2573 487 2623 57,
534 2575 571 2616 1.
613 2573 684 2623 60,
732 2573 753 2615 1
800 2576 843 2616 et
887 2574 1056 2630 passim.
1104 2574 1189 2617 Ubi
1233 2590 1356 2630 vero,
1391 2590 1572 2632 quaeso,
1605 2576 1724 2620 Darii

130 2669 239 2698 uxor
270 2657 422 2698 vocata
452 2656 517 2697 est
543 2654 740 2697 ’‘Aa-om?

196 2808 280 2852 198
317 2807 358 2860 l,
390 2807 430 2852 5.
462 2808 644 2851 Matrem
677 2808 847 2852 Orestes

347 2890 501 2933 κτανὼν
534 2889 790 2946 ἔθαλλεν,
823 2892 873 2937 ὦς
907 2891 1135 2944 ὀνείροις
1169 2898 1284 2940 τοῖς
1322 2892 1461 2937 πάλαι

337 2969 448 3015 εἶδε
481 2973 679 3024 θανοῦσα,
713 2972 803 3025 πρὶν
827 2973 978 3026 θάνῃ,
1014 2973 1283 3028 τελεσφόρα.

132 3053 234 3099 Non
276 3056 446 3098 tantum
488 3054 684 3107 ἔθαλλεν,
727 3070 805 3111 pro
840 3069 924 3112 quo
958 3054 1139 3113 Oougny
1172 3058 1396 3113 proposuit
1430 3057 1615 3100 ἔπαλλεν
1649 3061 1726 3101 aut
