2138 3580
908 322 963 364 69

294 459 298 465 ·
350 449 530 497 κρεῖττον
561 445 606 488 τὸ
640 445 795 491 κάλλος
829 449 896 495 γῆ
908 460 948 493 ς,
984 441 1071 484 ὅσον
1104 442 1296 503 λαμπρὸς
1331 440 1468 488 πόλος.

137 524 327 568 Tertium
359 540 526 569 versum
562 540 649 568 non
681 526 899 584 intellego.
933 524 1210 568 Scribendum
1245 524 1456 579 suspicor:

349 612 530 660 κρεῖττον
560 606 606 650 τὸ
640 607 794 653 κάλλος
827 611 919 655 τῆς
953 611 1030 659 (Ξ
1062 606 1263 662 ταύτης),
1297 601 1386 646 ὅσον
1418 604 1503 646 κτὲ.

135 688 281 733 Maior
325 698 385 732 eet
431 689 553 733 huius
599 689 642 741 (i.
675 703 710 732 e.
755 687 1168 743 Constantinopolis)
1198 687 1492 744 pulchritudo,
1527 694 1730 743 quantum

136 770 320 829 eplondet
358 771 523 814 coelum.
567 769 731 826 Nempe
763 769 899 812 voluit
929 768 1135 825 pessimus
1167 775 1317 825 poeta:
1352 767 1486 810 maior
1518 768 1584 809 est
1614 766 1730 810 Con-

135 851 318 895 stantini
349 851 466 895 urbis
496 866 625 909 quam
656 851 925 895 Athenarum
957 850 1256 907 pulchritudo,
1288 850 1388 905 quia
1415 863 1503 891 non
1519 881 1529 900 ‚
1547 851 1596 891 ut
1610 848 1733 900 illae,

133 948 158 977 e
187 936 301 978 terra
332 935 437 976 nata
467 935 554 988 est,
588 935 662 976 sed
693 948 746 976 ex
777 932 921 985 coelo,
952 934 1066 975 terra
1099 931 1412 988 splendidiore;
1445 930 1518 973 sed
1546 929 1732 972 infantia

134 1015 352 1059 hominem
383 1015 628 1072 prohibuit,
659 1015 887 1072 quominus
917 1013 1071 1057 elarius
1102 1011 1359 1055 sententiam
1391 1012 1637 1068 exponeret.

200 1165 302 1218 234,
345 1164 386 1208 2.
430 1164 484 1208 In
526 1163 728 1207 vertendo
773 1163 853 1206 hoc
897 1177 974 1213 vs„
1008 1176 1131 1218 quem
1166 1175 1253 1203 non
1288 1159 1515 1215 intellego,
1549 1156 1731 1214 Gougny

139 1247 336 1292 confudit
369 1247 446 1292 νόει
477 1262 572 1291 oum
607 1249 710 1291 νοεῖέ

202 1396 304 1441 245.
351 1395 557 1440 Μουσάων
589 1394 714 1438 ποθέω
747 1394 814 1438 δύο
847 1395 1025 1445 μούνας,
1059 1390 1108 1435 ὧν
1142 1392 1192 1435 δέ
1226 1409 1288 1444 γε
1321 1398 1472 1444 κοσμεῖ

350 1477 570 1527 Καλλιόπη
603 1481 890 1532 γλῶτταν,
928 1476 1105 1530 Οὐρανίη
1141 1475 1183 1518 δὲ
1213 1474 1383 1527 Φρένας.

139 1560 329 1613 vitiose,
376 1563 426 1603 ut
471 1574 670 1603 numeros
719 1559 928 1615 expleret,
973 1559 1064 1601 sine
1108 1558 1196 1600 ullo
1240 1572 1366 1600 sensu
1410 1559 1537 1613 poeta
1568 1555 1734 1598 addidit

59 1642 63 1644 “
137 1642 308 1687 voculas
339 1642 381 1686 δέ
414 1658 480 1694 γε.
517 1642 587 1685 An
621 1642 922 1697 corrigendum
953 1638 1003 1683 ὧν
1030 1642 1276 1691 ἐπικοσμεῖ
1305 1640 1413 1682 nra?
1430 1639 1514 1681 Pro
1533 1640 1730 1690 γλῶτταν

114 1709 119 1714 ’
136 1724 167 1770 l.
202 1725 414 1777 γλῶσσαν.

201 1873 303 1919 251.
354 1873 444 1916 Οὐκ
477 1871 565 1916 ἔστι
597 1871 777 1920 κάλλους
810 1871 1020 1925 σύγκρισις
1054 1873 1152 1925 πρὸς
1184 1871 1361 1925 αἶα-τέρας

345 1957 417 1999 τοῦ
451 1957 524 1998 σοῦ
536 1987 547 2006 ,
581 1954 756 1998 ποθεινέ·
791 1954 1004 2005 λαμπάδα
1038 1958 1150 2007 κρινῶ
1183 1954 1377 2008 λύχνοις,

350 2041 464 2090 κρινῶ
498 2037 593 2091 πρὸς
627 2037 751 2080 αὐτὸν
784 2038 851 2079 τὸν
885 2036 1054 2090 φαεινὸν
1088 2035 1321 2090 Φωσφόρον.

137 2118 406 2163 Sententiam
439 2119 548 2162 bene
579 2119 766 2183 restituit
798 2118 996 2161 Piccolus
1029 2118 1166 2174 (euius
1199 2118 1384 2160 rationes
1412 2131 1501 2159 non
1522 2116 1737 2159 intellexit

140 2200 338 2259 Gougny)
378 2201 604 2244 inserenda
645 2204 744 2257 post
785 2201 997 2251 λαμπάδα
1041 2200 1325 2255 negationem.
1369 2198 1563 2241 Eandem
1606 2213 1704 2241 vero
1722 2234 1732 2254 ,

142 2282 262 2326 nulla
301 2284 469 2326 mutata
509 2286 586 2325 aut
621 2283 768 2325 addita
800 2283 968 2334 littera,
1002 2283 1224 2324 restituere
1256 2296 1480 2337 possumus
1512 2280 1734 2323 scribendo

142 2379 218 2422 per
257 2364 662 2420 interrogationem:
706 2364 921 2415 λαμπάδα
960 2368 1070 2417 κρινῶ
1114 2364 1246 2417 (κρίνω
1259 2364 1297 2420 P)
1330 2364 1523 2415 λύχνοις;
1546 2363 1735 2420 facemne

143 2463 236 2492 ewm
277 2447 422 2505 lychno
453 2445 698 2512 conjeram?
732 2447 825 2489 Imo
858 2447 940 2502 (te,
974 2461 999 2488 o
1030 2446 1214 2488 formose
1246 2450 1393 2501 puer‚)
1426 2461 1518 2487 cum
1549 2446 1638 2502 ipso
1670 2445 1733 2487 lu-

142 2530 271 2588 cifero
301 2529 561 2588 comparabo.
1773 2516 1778 2520 ”

145 2677 249 2734 256,
282 2677 311 2720 b
341 2677 507 2734 (Add.)‚
544 2678 583 2720 7.
616 2678 729 2720 άνθεῒ
758 2677 900 2728 μόλις,
934 2678 1102 2731 Φθῆσι
1138 2677 1204 2727 δέ,
1241 2677 1387 2730 Φθάνει
1421 2675 1584 2728 ταχέως

622 2758 785 2801 ἄκανθα
817 2759 903 2801 κτέ.

145 2842 310 2896 <posim
344 2840 422 2895 (sic
459 2841 572 2883 enim
605 2841 852 2898 legendum)
885 2853 932 2875 Ξ
967 2842 1119 2895 φθίσει.

207 2987 311 3040 256,
353 2989 380 3031 d
422 2988 572 3045 (Add.)
616 2987 711 3031 Vss.
747 2988 895 3031 9—14
928 2989 1080 3031 sumsit
1110 2988 1291 3031 versifex
1324 3003 1374 3031 ex
1407 2988 1624 3044 Euripidis
1657 2987 1742 3031 He-

149 3069 281 3125 cuba,
316 3070 402 3112 375
435 3085 527 3126 sqq.
