2138 3580
669 788 1230 890 PRAEFATIO.

209 1154 264 1199 In
303 1155 502 1199 editionis
543 1156 914 1214 Epiyrammatum
957 1153 1230 1209 Antholoyiae
1267 1152 1493 1194 Palatinae
1524 1149 1740 1193 volumine

147 1238 356 1294 secundo,
400 1238 516 1293 quod
556 1236 729 1280 Parisiis
770 1234 929 1291 prodiit
970 1249 1008 1277 a.
1052 1231 1442 1287 MDCCCLXXII,
1482 1231 1731 1274 Ambrosius

147 1317 363 1362 Firminus
403 1317 602 1361 Didotius
645 1332 740 1361 cum
783 1316 866 1358 alia
907 1315 1176 1372 praemonuit
1218 1315 1420 1356 lectorem
1460 1316 1551 1356 tum
1583 1313 1643 1369 (p.
1677 1313 1741 1368 vl)

146 1399 274 1456 haec,
305 1414 415 1456 quae
446 1400 617 1456 scripsit
648 1415 704 1442 m.
733 1398 908 1442 Octobri
937 1413 974 1442 a.
1004 1398 1142 1440 1870:
1172 1396 1335 1439 »Tertii
1351 1395 1608 1446 voluminis,
1628 1394 1741 1451 quod

149 1482 470 1539 ›Appendicem
512 1497 669 1525 novam
706 1481 1063 1537 epigrammatum
1099 1481 1287 1522 veterum
1321 1493 1373 1520 ex
1404 1478 1524 1520 libris
1557 1480 1599 1519 et
1630 1491 1744 1519 mar-

149 1562 370 1606 »moribus
401 1564 625 1606 ductorum
652 1561 914 1612 continebit,
942 1561 1106 1603 adiecto
1136 1561 1275 1603 indice
1300 1575 1440 1603 rerum
1459 1562 1502 1602 et
1520 1559 1741 1602 nominum

151 1644 229 1688 »in
258 1644 500 1688 universam
530 1644 839 1700 Anthologiam
854 1675 864 1695 ‚
894 1643 1028 1686 multa
1059 1643 1145 1685 iam
1180 1642 1285 1684 mihi
1306 1642 1485 1684 materia
1501 1641 1554 1684 ad
1572 1655 1745 1683 manum

153 1729 270 1784 nst,
306 1741 358 1770 ex
387 1726 508 1770 libris
536 1726 749 1778 Jacobsfi,
778 1725 1069 1776 Boissonadii‚
1099 1724 1339 1775 Welckeri‚
1359 1739 1486 1780 quam
1504 1724 1746 1766 ordinatam

153 1821 234 1851 »ae
281 1808 492 1865 digestam
530 1808 618 1860 ita,
662 1810 731 1862 ut,
776 1808 811 1850 si
855 1822 943 1850 non
985 1807 1160 1863 plenum
1204 1822 1374 1864 corpus,
1416 1805 1563 1848 utilem
1596 1806 1746 1848 saltem

153 1889 501 1945 ›iucundumque
542 1872 750 1932 delectum
794 1888 948 1931 efficiat
989 1889 1110 1931 edere
1143 1887 1425 1930 certissimum
1458 1889 1544 1938 est,
1579 1887 1614 1929 si
1646 1887 1748 1943 quid

153 1970 288 2014 »anni
328 1971 411 2014 mei
452 1973 495 2013 et
534 1970 638 2014 haec
680 1974 872 2026 tempora
914 1973 1073 2012 certum
1109 1983 1347 2025 proponere
1379 1969 1619 2024 patiuntur.
1654 1967 1747 2018 Quo

153 2053 348 2096 »utinam
387 2052 533 2096 labore
565 2052 743 2108 defungi
774 2054 817 2094 et
848 2053 1089 2107 susceptum
1124 2053 1189 2093 tot
1220 2051 1274 2092 ab
1308 2051 1433 2092 annis
1466 2064 1574 2106 opus
1607 2049 1748 2093 absol-

153 2148 280 2178 »vere
319 2132 547 2177 Duebnero
589 2148 683 2176 meo
716 2134 865 2176 datum
899 2135 1036 2184 esset,¹
1065 2133 1246 2190 vivoque
1277 2132 1511 2188 praemium
1545 2133 1750 2187 aequatae

152 2229 276 2260 »cum
333 2215 602 2272 principibus
655 2215 960 2274 Anthologiae
978 2212 1186 2275 (Ξιὲτὲιὸᾳαθ
1234 2213 1565 2269 sospitatoribus
1612 2213 1751 2255 laudis

154 2297 405 2354 ›adipisciss'
441 2296 615 2353 Excipit
646 2297 751 2340 haec
783 2276 911 2340 verba
947 2296 1084 2339 brevis
1115 2298 1189 2338 sed
1221 2296 1411 2363 sincera,
1444 2310 1552 2351 quae
1583 2294 1754 2350 legatur

155 2380 270 2436 apud
309 2378 472 2436 ipsum,
505 2378 698 2442 laudatio
731 2378 813 2421 viri
831 2377 1019 2434 optimi,
1055 2377 1311 2433 doctissimi,
1346 2371 1680 2432 ingeniosissimi
1711 2379 1754 2418 et

155 2460 386 2502 admodum
429 2459 654 2511 industrii}
703 2460 820 2503 cuius
867 2465 966 2516 post
1012 2458 1179 2501 XXXV
1228 2450 1377 2508 annos
1409 2473 1503 2500 cum
1546 2457 1753 2500 desiderio

153 2542 365 2585 recordor.
389 2541 463 2584 Me
489 2541 602 2584 enim
630 2557 668 2586 a.
700 2526 814 2585 1855
830 2555 893 2597 sq.
912 2540 1085 2589 Parisiis
1102 2543 1328 2596 degentem
1347 2540 1586 2582 studiorum
1603 2553 1751 2595 causa,

155 2637 241 2680 quo
273 2622 422 2666 melius
454 2623 507 2665 ad
538 2623 717 2679 longum
745 2624 791 2666 in
820 2623 991 2666 Italiam
1019 2627 1063 2665 et
1091 2622 1345 2679 Hispaniam
1377 2623 1459 2665 iter
1488 2637 1554 2664 me
1576 2636 1756 2678 praepa-

155 2718 317 2755 rarem,
361 2706 704 2747 commendatum
747 2704 827 2747 sibi
860 2720 884 2747 a
913 2703 1074 2748 Cobeto
1107 2707 1253 2746 nostro
1281 2707 1324 2746 et
1356 2703 1556 2746 nonnihil
1589 2717 1758 2759 quoque

164 2784 518 2829 Observationibus
560 2786 662 2828 meis
694 2787 738 2828 in
776 2785 1030 2829 comicorum
1069 2784 1323 2828 Graecorum
1350 2786 1595 2843 fraymenta
1609 2817 1619 2835 ‚
1652 2799 1758 2840 quas

157 2867 307 2911 missas
348 2867 430 2910 sibi
470 2867 524 2910 ab
566 2867 663 2923 illo,
698 2868 797 2910 licet
829 2868 964 2911 multa
996 2867 1196 2910 iuvenilis
1229 2867 1416 2910 levitatis
1449 2870 1492 2909 et
1521 2866 1759 2922 imperitiae

160 2949 296 2993 virum
341 2949 510 3005 egregie
557 2950 769 2992 eruditum
807 2949 952 2992 fallere
998 2964 1085 2991 non
1127 2949 1372 3003 potuerint,
1417 2948 1645 2990 admodum
1679 2946 1760 2989 sibi

109 3023 113 3028 ’
157 3030 364 3088 placuisse
383 3030 666 3087 rescripserat,
686 3046 762 3086 me,
781 3031 970 3087 inquam,
991 3030 1243 3072 Duebnerus
1261 3034 1440 3085 paterna
1460 3029 1760 3072 benevolentia
