2138 3580
901 305 986 349 145

154 435 308 478 caciam
350 434 497 485 notat,
531 432 676 488 itaque
707 430 822 472 haud
854 430 1000 484 inepte
1031 429 1082 471 de
1114 429 1277 471 invicta
1313 429 1354 470 vi
1387 429 1542 471 amoris
1575 429 1746 484 ignique

126 550 135 560 .
153 515 244 558 eius
274 507 364 558 non
395 513 692 570 exstinguibili
725 512 779 555 ab
810 511 1043 567 Antipatro
1076 510 1159 553 dici
1185 510 1371 566 potuisse
1402 510 1582 553 videtur.

152 681 395 734 IX584‚2.
425 681 569 726 Αἴολον
603 683 642 724 ἐν
673 681 820 736 κιθάρᾳ
851 681 969 732 νόμον
1002 681 1182 732 ἔκρεκον,
1217 682 1257 723 ἒν
1291 680 1331 722 δὲ
1366 680 1553 735 μεσεύσᾳ

486 765 567 819 ὧδᾷ
600 779 668 813 μοι
699 762 851 816 χορδὰν
883 765 1090 814 πλᾶκτρον
1125 760 1528 812 ἀπεκρέμασεν.

212 845 425 902 Graphice
463 848 590 902 poeta
633 859 874 901 anonymus
919 844 970 886 de
1012 843 1171 886 chorda
1207 844 1370 900 (rupta)
1403 843 1531 886 dixit:
1561 844 1667 900 fecit
1698 852 1745 887 ut

150 930 404 987 dependeret.
431 927 606 970 Temere
632 927 766 982 igitur
793 925 961 968 Hecker
986 925 1212 967 lectionem
1239 925 1511 975 sollicitavit,
1538 924 1743 968 infelicis-

148 1009 253 1052 sime
294 1008 510 1052 coniciens
554 1007 820 1062 ἔκερμοὶτισεν
838 1039 848 1057 ,
895 1007 1008 1063 quod
1044 1006 1220 1048 verbum
1254 1005 1437 1048 chordae
1469 1008 1648 1049 naturae
1680 1008 1746 1049 est

147 1090 277 1149 plane
306 1090 582 1134 contrarium.

208 1249 276 1293 IX
303 1249 404 1293 625.
437 1248 703 1293 Describitur
718 1279 728 1299 ‚
745 1248 828 1290 nisi
844 1247 972 1290 fallor
986 1279 995 1297 ‚
1013 1262 1038 1289 a
1055 1247 1308 1290 Macedonio
1325 1245 1498 1289 consule
1515 1246 1715 1288 balneum
1731 1278 1742 1297 ‚

147 1331 223 1374 ubi
266 1330 362 1374 aliis
407 1331 490 1373 diei
535 1330 652 1372 horis
695 1329 915 1379 mulieres,
959 1329 1053 1371 aliis
1097 1328 1176 1370 viri
1219 1328 1447 1378 lavabant,
1491 1341 1741 1383 summaque

146 1411 281 1469 igitur
321 1411 546 1469 diligentia
588 1413 912 1454 commendatur
950 1411 1150 1461 ianitori,
1186 1425 1238 1452 ne
1269 1410 1516 1453 lavantibus
1547 1410 1742 1466 feminis,

147 1508 257 1551 quae
287 1493 502 1537 Naiadum
537 1495 580 1536 et
612 1493 858 1536 Gratiarum
891 1495 934 1535 et
959 1493 1092 1549 ipsius
1119 1492 1300 1535 Veneris
1326 1492 1572 1534 nominibus
1600 1492 1741 1548 desig—

147 1578 330 1627 nantur,
381 1590 639 1632 quemquam
693 1590 852 1617 marem
905 1575 1119 1618 admittat.
1169 1574 1434 1616 Monendum
1482 1577 1598 1623 erat,
1642 1574 1742 1629 quia

146 1657 349 1702 Duebner
389 1659 606 1700 annotans
647 1657 846 1699 »Laudat
875 1659 926 1699 ut
955 1656 1167 1699 Naiadum
1198 1660 1241 1699 et
1267 1656 1511 1699 Gratiarum
1540 1655 1740 1698 balneum

147 1739 423 1784 consuetum'’
469 1754 496 1782 a
535 1742 686 1796 poetae
721 1741 864 1781 mente
897 1739 1114 1781 aberrasse
1146 1739 1326 1782 videtur.
1371 1738 1452 1781 Sed
1485 1752 1573 1781 non
1604 1739 1741 1794 magis

145 1835 268 1865 verae
299 1822 401 1865 deae
431 1821 501 1864 hic
531 1821 787 1877 cogitandae
814 1822 918 1863 sunt
944 1835 1070 1876 quam
1101 1820 1188 1863 veri
1215 1821 1258 1862 di
1284 1823 1327 1863 et
1353 1820 1527 1863 semidei
1543 1835 1609 1876 ep.
1629 1821 1739 1864 640:

326 1883 522 1945 ἆθοένατοι
556 1905 722 1944 λοῦνται
755 1902 1019 1953 ἀνοιγομένου
1053 1902 1302 1954 βαλανείου,

326 1984 500 2039 πέμπτῃ
531 1984 565 2028 δ’
600 1985 777 2035 ἡμίθεοι,
811 1985 1040 2033 μετέπειτα
1075 1984 1117 2027 δὲ
1150 1985 1376 2033 λύματα
1412 1984 1579 2035 πάντα,

143 2069 194 2111 ut
219 2067 451 2111 Salmasius
477 2067 640 2124 primus
665 2081 743 2123 pro
768 2068 952 2118 πήματα
981 2068 1187 2117 correxit,
1216 2067 1354 2109 lenius
1382 2082 1460 2110 nec
1485 2067 1628 2109 minus
1644 2070 1749 2123 apte.

145 2164 274 2206 quam
305 2147 359 2193 F.»
382 2148 454 2193 W.
487 2148 683 2192 Schmidt
714 2151 892 2201 σώματα
926 2148 1046 2192 Stud.
1078 2147 1184 2193 Grit.
1214 2148 1297 2199 III,
1325 2149 1424 2191 153.
1459 2148 1534 2193 Vs.
1562 2148 1589 2190 2
1616 2148 1742 2206 (625)

143 2231 280 2283 κρίνων
316 2230 539 2282 λουομένων
582 2232 715 2283 καιρὸν
759 2232 975 2280 &navo-lm,-
1022 2231 1253 2286 speciosius
1297 2245 1425 2286 quam
1460 2231 1598 2273 verius
1628 2230 1741 2273 idem

143 2311 209 2354 vir
260 2311 410 2355 doctus
455 2312 635 2369 requirit
674 2312 866 2356 futurum
908 2313 1174 2363 λουσαμένων.
1223 2312 1324 2355 Non
1368 2312 1524 2355 abutar
1566 2310 1743 2369 Ulpiani

141 2393 235 2436 ioco
277 2395 391 2450 apud
432 2394 704 2437 Athenaeum
747 2394 829 2451 ΙΙΙ,
874 2395 929 2438 97
948 2395 985 2437 Ε
1029 2397 1105 2437 aut
1146 2395 1396 2451 Pompeiani
1437 2410 1478 2450 p.
1515 2393 1655 2445 98Α,
1693 2396 1743 2437 ut

143 2475 342 2527 doceam,
374 2476 488 2533 quod
522 2476 696 2519 aliunde
728 2477 832 2519 satis
864 2479 1053 2529 constat,
1085 2476 1315 2520 Graeculos
1347 2492 1471 2533 saepe
1502 2476 1740 2533 legitimum

142 2557 295 2600 horum
339 2560 582 2615 temporum
632 2574 754 2601 usum
802 2574 953 2615 parum
1003 2560 1240 2610 curavisse3
1287 2574 1388 2602 nam
1432 2559 1486 2602 ab
1527 2574 1576 2602 ea
1616 2559 1743 2615 culpa

141 2639 251 2683 liber
275 2642 340 2682 est
366 2639 667 2692 Macedoniae,
697 2641 792 2696 qui,
829 2642 877 2683 ut
908 2641 1068 2697 optime
1102 2641 1253 2684 Latine
1286 2641 1439 2683 dicitur
1471 2640 1744 2683 »discernens

141 2721 383 2764 lavantium
427 2724 721 2778 opportunum
764 2722 1035 2779 ingressum''
1078 2726 1127 2765 ut
1166 2723 1295 2765 vertit
1330 2723 1600 2777 Duebnerus,
1632 2732 1745 2765 λουο-

142 2801 272 2854 μένων
305 2803 415 2846 dixit
441 2817 519 2859 pro
547 2809 624 2846 τῶν
651 2806 819 2847 λοῦσθαι
851 2804 1054 2847 εἰωθότων.
1084 2804 1233 2861 Neque
1260 2805 1374 2847 enim
1393 2804 1745 2860 obliviscendum,

140 2885 191 2927 ut
242 2883 387 2927 Latini
434 2884 520 2928 fere
570 2885 792 2928 abstinent
837 2901 863 2927 a
905 2886 1185 2929 substantivis
1228 2888 1336 2930 lotor
1376 2902 1409 2931 s.
1454 2887 1638 2936 lavator,
1683 2886 1746 2929 ita

144 2963 329 3009 Graecos
363 2980 388 3008 a
423 2966 695 3009 substantivo
727 2967 962 3020 λού(σ)της,
999 2969 1070 3011 sed
1104 2982 1183 3024 pro
1215 2982 1264 3011 eo
1280 3001 1290 3018 ‚
1319 2971 1368 3010 ut
1392 2968 1438 3010 in
1466 2968 1613 3011 multis
1638 2967 1748 3022 aliis,

147 3046 348 3090 adhibere
381 3049 618 3104 praesentis
650 3049 852 3104 temporis
884 3050 1168 3106 participium.

1510 3132 1551 3163 10
1592 3160 1594 3162 ,
