2138 3580
1175 352 1233 395 22

410 470 580 520 Quanta
611 471 667 513 sit
698 470 896 526 cougnyi
927 471 1142 527 imperitia
1169 473 1203 515 si
1230 489 1317 516 non
1334 476 1521 532 undique
1539 480 1771 534 appareret,
1791 479 1994 535 cognosci

410 553 553 605 posset
585 565 637 593 ex
664 551 742 593 hac
771 551 964 594 versione
991 551 1168 594 Latina:
1197 553 1245 596 Si
1272 563 1307 597 te
1317 556 1498 610 fortuna
1513 559 1632 615 prius
1648 560 1755 601 iusto
1770 561 1885 602 ‘misit
1899 564 1992 616 (pro

411 633 604 673 comitata
636 633 752 686 esset)
784 640 822 673 et
853 633 1096 674 iuventutem
1131 641 1246 675 tuam
1277 651 1466 691 ayyressa
1498 646 1556 679 est
1587 638 1682 692 (pro
1711 641 1768 681 ad
1782 647 1993 683 maturam

411 719 584 753 aetatem
624 713 834 767 pervenire
877 713 1064 764 sivisset).
1104 711 1300 755 Ceterum
1333 718 1458 769 poeta
1489 717 1625 771 primo
1659 732 1781 761 versu
1812 719 1872 761 sic
1902 733 1996 762 ora-

409 792 570 833 tionem
603 791 813 840 instituit,
848 792 969 846 quasi
999 796 1244 848 sequeretur
1274 796 1563 838 huiuscemodi
1588 799 1806 853 apodosis:
1835 799 1991 853 ἡνίοχος

412 870 461 914 ἂν
495 871 642 923 τέχνης
677 876 874 924 τραγικῆς
907 870 1108 922 Ἕλλησιν
1141 874 1295 925 ἐγένου.
1329 875 1446 925 Quod
1482 877 1516 918 si
1544 892 1628 919 non
1659 879 1871 931 admittis,
1897 884 1996 935 post

413 951 614 1002 ἐπέβησεν
660 951 920 1007 distinguere
952 953 1111 1007 poteris
1143 957 1303 1008 puncto
1336 970 1412 1011 pro
1445 956 1634 1012 virgula,
1668 960 1717 1000 ut
1747 961 1822 1001 aut
1853 974 1994 1004 suma-

412 1034 482 1073 tur
523 1031 781 1086 aposiopesis
823 1032 1046 1076 verborum
1090 1039 1222 1080 καλῶς
1266 1035 1316 1077 ἂν
1359 1033 1497 1088 εἶχεν,
1545 1038 1621 1079 aut
1652 1039 1686 1080 εἰ
1720 1039 1858 1082 valeat
1889 1039 1991 1092 εἴθε,

413 1114 594 1161 utinam,
637 1112 711 1167 qui
754 1127 876 1163 usus,
910 1127 998 1154 non
1030 1114 1175 1156 addita
1207 1116 1357 1158 vocula
1388 1116 1494 1168 γάρ,
1529 1118 1664 1160 rarior
1695 1119 1889 1174 quidem,
1922 1123 1994 1164 sed

412 1195 551 1236 certus
583 1195 660 1235 est.
694 1193 762 1234 Ita
794 1194 901 1235 verti
933 1195 1111 1248 poterit:
1155 1195 1326 1238 Utinam
1353 1205 1389 1239 te
1408 1198 1589 1254 fortuna
1616 1201 1809 1242 comitata
1833 1209 1933 1244 easet
1957 1210 1996 1246 et

411 1276 468 1316 ad
497 1276 785 1316 maturitatem
814 1276 1025 1331 pervenire
1057 1277 1240 1318 sivisset!
1271 1278 1334 1320 At
1365 1293 1434 1334 spe
1466 1279 1608 1320 saltem
1639 1295 1812 1335 maynus
1841 1296 1934 1324 erae
1958 1290 1998 1325 et

411 1354 622 1396 hominum
653 1355 975 1405 existimatione,
1003 1370 1025 1397 o
1054 1355 1275 1411 Meyww,
1287 1358 1385 1413 fore
1404 1366 1439 1399 te
1455 1359 1678 1414 aliquando
1695 1362 1875 1416 trayicae
1889 1363 1997 1405 artie

417 1431 584 1477 Graecis
618 1436 823 1491 auriyam.
859 1435 927 1476 Ad
960 1449 1105 1477 vocem
1140 1438 1278 1485 ἡλικία
1312 1437 1372 1479 sic
1404 1442 1654 1494 usurpatum
1680 1439 1731 1482 cf.
1761 1440 1807 1482 II
1834 1440 1936 1493 592,
1952 1441 1995 1493 2,

411 1515 486 1557 ubi
528 1515 592 1557 vir
624 1514 782 1569 viginti
814 1528 950 1557 annos
983 1517 1110 1558 natus
1144 1516 1216 1569 πρὸ
1252 1517 1410 1566 ἡλικίαις
1446 1519 1678 1562 exstinctus
1709 1534 1796 1563 esse
1826 1521 1994 1566 dicitur.

476 1679 545 1722 50.
581 1678 650 1723 Sic
683 1681 847 1722 correxi
880 1680 1039 1724 Mnem.
1077 1682 1215 1737 1882,
1253 1684 1365 1726 387:

595 1766 757 1811 Μνῆμοι
790 1763 1073 1815 Μνησαγόροις
1103 1764 1172 1805 καὶ
1209 1764 1467 1817 Νικοχάρους
1502 1766 1593 1808 τόδε
1627 1771 1786 1818 κεῖται,

594 1842 705 1883 αὐτὼ
739 1840 776 1884 δ’
810 1842 852 1883 οὐ
886 1842 1226 1894 παρκδέξοιτ’
1263 1869 1316 1876 -·
1352 1846 1551 1898 ἀφείλετο
1586 1846 1769 1897 δαίμονος
1802 1845 1903 1890 αἶσα
1923 1873 1992 1906 -,

596 1921 721 1972 πατρὶ
756 1923 866 1975 φίλῳ
901 1922 970 1964 καὶ
1004 1923 1126 1977 μητρὶ
1160 1924 1327 1967 λιπόντε
1358 1927 1517 1977 ἀμφοῖν
1551 1927 1669 1978 μέγα
1702 1927 1864 1979 πένθος,

414 2007 462 2046 ut
509 2006 661 2058 agatur
709 2006 760 2045 de
807 2005 1073 2060 cenotaphio.
1124 2006 1298 2048 Praeter
1344 2007 1734 2063 interpunctionem
1778 2011 1997 2054 emendavi

412 2085 564 2140 lapidis
597 2099 704 2140 quae
737 2085 921 2127 traditur
953 2068 1178 2128 lectionem
1212 2087 1481 2140 παραδεΙξοιΙ.

415 2239 484 2294 51,
505 2240 542 2282 6.
580 2245 673 2288 Χῖος
708 2241 980 2291 ἀγαλλομένη
1017 2242 1244 2294 Συμμάχῳ
1279 2243 1364 2285 ἐστὶ
1398 2245 1562 2297 πατρίς.

414 2320 580 2362 »Mira‘'
613 2321 674 2362 ait
706 2321 857 2362 Kaibel
890 2337 930 2376 p.
965 2321 1021 2363 29
1054 2322 1176 2369 »Χίος
1213 2323 1398 2366 nominis
1431 2325 1646 2368 trochaica
1672 2341 1997 2383 mensura,qua

414 2404 587 2443 »tamen
644 2402 818 2444 minime
877 2403 1119 2445 defenditur
1165 2404 1507 2459 epigrammatis,
1555 2407 1669 2461 quod
1715 2405 1995 2450 Simonidium

413 2482 598 2524 »dicitur
644 2483 743 2537 119,
790 2484 817 2524 4
863 2483 943 2525 οὐδ’
987 2481 1071 2525 ἵκευ
1118 2484 1209 2526 Χίον
1241 2485 1280 2531 ἐς
1313 2485 1573 2540 ἀμφιρύτην,
1607 2487 1854 2542 scriptura”.
1888 2487 1996 2531 Mihi

411 2577 476 2604 res
515 2576 601 2605 non
645 2563 748 2604 adeo
792 2563 899 2604 mira
939 2564 1118 2606 videtur.
1165 2564 1327 2620 Quippe
1372 2567 1498 2620 poeta
1529 2566 1707 2620 primam
1740 2567 1997 2622 pentametri

411 2643 618 2697 syllabam
664 2644 706 2685 vi
753 2644 884 2685 arsios
933 2646 1171 2699 producens
1218 2645 1408 2687 imitatus
1456 2649 1519 2688 est
1562 2646 1820 2699 Homerum,
1869 2661 1994 2702 quem

411 2723 575 2778 saepius
607 2724 716 2766 idem
749 2724 795 2765 in
822 2724 1076 2767 hexametris
1101 2725 1246 2767 fecisse
1273 2729 1422 2768 notum
1450 2729 1524 2769 est.
1555 2726 1614 2769 Ut
1630 2742 1728 2770 vero
1746 2728 1858 2783 apud
1873 2718 1992 2771 illum

354 2809 365 2819 ·’
412 2818 535 2846 nemo
579 2806 802 2859 propterea
843 2805 990 2847 scribit
1031 2810 1161 2859 φῑλε
1195 2808 1420 2858 κασίγνητε
1454 2808 1553 2863 xre„
1585 2808 1647 2849 ita
1679 2808 1993 2864 epigrammatis

413 2885 574 2926 auctori
605 2885 777 2927 obtrudi
808 2886 941 2928 nolim
976 2891 1066 2933 Χῖος
1101 2902 1176 2942 pro
1213 2888 1319 2934 Χίος.
1348 2887 1413 2930 Of.
1433 2887 1532 2939 510,
1553 2888 1593 2939 5,
1611 2889 1684 2930 ubi
1701 2889 1990 2932 hexametrum

416 2966 580 3007 orditur
612 2980 694 3008 vox
726 2966 967 3019 τριάκοντα,
1003 2970 1046 3010 et
1077 2969 1188 3019 646,
1222 2969 1272 3019 5,
1306 2969 1380 3010 ubi
1411 2983 1487 3024 pro
1520 2969 1649 3023 δίχα,
1682 2984 1707 3010 a
1739 2984 1822 3024 quo
1850 2983 1994 3012 versus

412 3047 588 3105 incipit,
622 3049 727 3091 male
759 3048 864 3091 Ellis
893 3049 1074 3094 coniecit
1101 3049 1232 3105 νόσφι.
1262 3050 1324 3093 De
1352 3051 1442 3098 Χίος
1461 3065 1538 3106 pro
1559 3056 1649 3099 Χῖος
1668 3050 1720 3095 cf.
1738 3050 1990 3100 Thesaurus.
