<?xml version="1.0" encoding="UTF-8"?>
<!DOCTYPE html PUBLIC "-//W3C//DTD XHTML 1.0 Transitional//EN"
    "http://www.w3.org/TR/xhtml1/DTD/xhtml1-transitional.dtd">
<html xmlns="http://www.w3.org/1999/xhtml" xml:lang="en" lang="en">
 <head>
  <title>
</title>
<meta http-equiv="Content-Type" content="text/html;charset=utf-8" />
  <meta name='ocr-system' content='tesseract 3.04.00' />
  <meta name='ocr-capabilities' content='ocr_page ocr_carea ocr_par ocr_line ocrx_word'/>
</head>
<body>
  <div class='ocr_page' id='page_1' title='image "./studiacriticaine00herwuoft_0069.png"; bbox 0 0 2138 3580; ppageno 0'>
   <div class='ocr_carea' id='block_1_1' title="bbox 896 335 950 378">
    <p class='ocr_par' dir='ltr' id='par_1_1' title="bbox 896 335 950 378">
     <span class='ocr_line' id='line_1_1' title="bbox 896 335 950 378; baseline 0 0"><span class='ocrx_word' id='word_1_1' title='bbox 896 335 950 378; x_wconf 85' lang='lat'>65</span> 
     </span>
    </p>
   </div>
   <div class='ocr_carea' id='block_1_2' title="bbox 121 457 1718 596">
    <p class='ocr_par' dir='ltr' id='par_1_2' title="bbox 121 457 1718 596">
     <span class='ocr_line' id='line_1_2' title="bbox 122 457 1718 514; baseline -0.001 -11"><span class='ocrx_word' id='word_1_2' title='bbox 122 457 228 508; x_wconf 63' lang='lat' dir='ltr'>ruffi·</span> <span class='ocrx_word' id='word_1_3' title='bbox 259 459 447 512; x_wconf 75' lang='grc' dir='ltr'><em>ἐραστήν.</em></span> <span class='ocrx_word' id='word_1_4' title='bbox 481 458 634 502; x_wconf 78' lang='lat' dir='ltr'>Melius</span> <span class='ocrx_word' id='word_1_5' title='bbox 665 458 775 501; x_wconf 87' lang='lat' dir='ltr'>idem</span> <span class='ocrx_word' id='word_1_6' title='bbox 810 473 871 502; x_wconf 74' lang='lat' dir='ltr'>ve.</span> <span class='ocrx_word' id='word_1_7' title='bbox 907 461 934 501; x_wconf 89' lang='lat'>4</span> <span class='ocrx_word' id='word_1_8' title='bbox 963 458 1298 510; x_wconf 85' lang='lat' dir='ltr'>administravit,</span> <span class='ocrx_word' id='word_1_9' title='bbox 1327 458 1410 501; x_wconf 86' lang='lat' dir='ltr'>nisi</span> <span class='ocrx_word' id='word_1_10' title='bbox 1436 459 1550 514; x_wconf 89' lang='lat' dir='ltr'>quod</span> <span class='ocrx_word' id='word_1_11' title='bbox 1568 460 1718 502; x_wconf 83' lang='lat' dir='ltr'>contra</span> 
     </span>
     <span class='ocr_line' id='line_1_3' title="bbox 121 539 937 596; baseline -0.002 -12"><span class='ocrx_word' id='word_1_12' title='bbox 121 554 323 584; x_wconf 81' lang='lat' dir='ltr'>numeros</span> <span class='ocrx_word' id='word_1_13' title='bbox 352 540 480 591; x_wconf 75' lang='grc' dir='ltr'><em>ἤνυσα</em></span> <span class='ocrx_word' id='word_1_14' title='bbox 513 541 631 583; x_wconf 83' lang='lat' dir='ltr'>dedit</span> <span class='ocrx_word' id='word_1_15' title='bbox 660 553 737 596; x_wconf 90' lang='lat' dir='ltr'>pro</span> <span class='ocrx_word' id='word_1_16' title='bbox 771 539 937 590; x_wconf 75' lang='grc' dir='ltr'><em>ἤνυσσα.</em></span> 
     </span>
    </p>
   </div>
   <div class='ocr_carea' id='block_1_3' title="bbox 119 707 1716 1094">
    <p class='ocr_par' dir='ltr' id='par_1_3' title="bbox 125 707 1286 763">
     <span class='ocr_line' id='line_1_4' title="bbox 125 707 1286 763; baseline -0.001 -11"><span class='ocrx_word' id='word_1_17' title='bbox 125 709 225 762; x_wconf 78' lang='grc'>142,</span> <span class='ocrx_word' id='word_1_18' title='bbox 259 710 300 753; x_wconf 87' lang='grc'>6.</span> <span class='ocrx_word' id='word_1_19' title='bbox 334 710 631 763; x_wconf 71' lang='grc' dir='ltr'><em>Ἐντυγχοὶνων</em></span> <span class='ocrx_word' id='word_1_20' title='bbox 664 707 727 753; x_wconf 79' lang='grc' dir='ltr'>οὖν</span> <span class='ocrx_word' id='word_1_21' title='bbox 761 709 1003 756; x_wconf 78' lang='grc' dir='ltr'><strong><em>εὐκόπως</em></strong></span> <span class='ocrx_word' id='word_1_22' title='bbox 1038 711 1083 751; x_wconf 83' lang='grc' dir='ltr'>τὸ</span> <span class='ocrx_word' id='word_1_23' title='bbox 1118 708 1286 760; x_wconf 75' lang='grc' dir='ltr'><em>βιβλίον</em></span> 
     </span>
    </p>

    <p class='ocr_par' dir='ltr' id='par_1_4' title="bbox 332 790 1291 843">
     <span class='ocr_line' id='line_1_5' title="bbox 332 790 1291 843; baseline -0.002 -9"><span class='ocrx_word' id='word_1_24' title='bbox 332 791 401 835; x_wconf 76' lang='grc' dir='ltr'>καὶ</span> <span class='ocrx_word' id='word_1_25' title='bbox 435 793 509 842; x_wconf 70' lang='grc' dir='ltr'>τὴν</span> <span class='ocrx_word' id='word_1_26' title='bbox 540 791 616 835; x_wconf 66' lang='grc' dir='ltr'>ἀπ’</span> <span class='ocrx_word' id='word_1_27' title='bbox 650 792 777 834; x_wconf 82' lang='grc' dir='ltr'><em>αὐτοῦ</em></span> <span class='ocrx_word' id='word_1_28' title='bbox 813 790 1030 842; x_wconf 72' lang='grc' dir='ltr'><em>συλλέγων</em></span> <span class='ocrx_word' id='word_1_29' title='bbox 1063 792 1291 843; x_wconf 79' lang='grc' dir='ltr'><strong><em>εὐκαρπίαν</em></strong></span> 
     </span>
    </p>

    <p class='ocr_par' dir='ltr' id='par_1_5' title="bbox 119 871 1716 1094">
     <span class='ocr_line' id='line_1_6' title="bbox 307 871 1352 935; baseline -0.002 -19"><span class='ocrx_word' id='word_1_30' title='bbox 307 877 500 917; x_wconf 50' lang='grc' dir='ltr'><em>’πονῶν</em></span> <span class='ocrx_word' id='word_1_31' title='bbox 531 889 586 925; x_wconf 87' lang='grc' dir='ltr'>με</span> <span class='ocrx_word' id='word_1_32' title='bbox 618 874 732 916; x_wconf 85' lang='grc' dir='ltr'><em>πεῖθε</em></span> <span class='ocrx_word' id='word_1_33' title='bbox 767 873 826 924; x_wconf 69' lang='grc' dir='ltr'>μὴ</span> <span class='ocrx_word' id='word_1_34' title='bbox 860 877 1071 935; x_wconf 81' lang='grc' dir='ltr'><em>κατοκνεῖν</em></span> <span class='ocrx_word' id='word_1_35' title='bbox 1104 873 1160 920; x_wconf 81' lang='grc' dir='ltr'>εἷς</span> <span class='ocrx_word' id='word_1_36' title='bbox 1193 871 1352 921; x_wconf 81' lang='grc' dir='ltr'><em>πόνους.</em></span> 
     </span>
     <span class='ocr_line' id='line_1_7' title="bbox 119 952 1716 1012; baseline -0.001 -14"><span class='ocrx_word' id='word_1_37' title='bbox 119 953 190 998; x_wconf 70' lang='lat' dir='ltr'>Ita</span> <span class='ocrx_word' id='word_1_38' title='bbox 220 952 401 1012; x_wconf 82' lang='lat' dir='ltr'>Oougny</span> <span class='ocrx_word' id='word_1_39' title='bbox 432 969 484 997; x_wconf 84' lang='lat' dir='ltr'>ex</span> <span class='ocrx_word' id='word_1_40' title='bbox 515 954 727 998; x_wconf 87' lang='lat' dir='ltr'>Bandinio</span> <span class='ocrx_word' id='word_1_41' title='bbox 741 987 751 1006; x_wconf 92' lang='lat'>‚</span> <span class='ocrx_word' id='word_1_42' title='bbox 784 954 857 997; x_wconf 86' lang='lat' dir='ltr'>sed</span> <span class='ocrx_word' id='word_1_43' title='bbox 886 956 1127 1010; x_wconf 86' lang='lat' dir='ltr'>suspectum</span> <span class='ocrx_word' id='word_1_44' title='bbox 1161 953 1298 996; x_wconf 91' lang='lat' dir='ltr'>habeo</span> <span class='ocrx_word' id='word_1_45' title='bbox 1325 958 1452 997; x_wconf 82' lang='grc' dir='ltr'><em>πονῶν</em></span> <span class='ocrx_word' id='word_1_46' title='bbox 1467 986 1478 1006; x_wconf 88' lang='grc'>,</span> <span class='ocrx_word' id='word_1_47' title='bbox 1508 956 1622 1011; x_wconf 90' lang='lat' dir='ltr'>quod</span> <span class='ocrx_word' id='word_1_48' title='bbox 1638 968 1716 1011; x_wconf 91' lang='lat' dir='ltr'>op-</span> 
     </span>
     <span class='ocr_line' id='line_1_8' title="bbox 121 1036 1641 1094; baseline -0.001 -14"><span class='ocrx_word' id='word_1_49' title='bbox 121 1037 260 1094; x_wconf 80' lang='lat' dir='ltr'>posita</span> <span class='ocrx_word' id='word_1_50' title='bbox 291 1036 430 1080; x_wconf 82' lang='lat' dir='ltr'>fronte</span> <span class='ocrx_word' id='word_1_51' title='bbox 462 1040 630 1093; x_wconf 84' lang='lat' dir='ltr'>pugnat</span> <span class='ocrx_word' id='word_1_52' title='bbox 660 1052 758 1080; x_wconf 86' lang='lat' dir='ltr'>cum</span> <span class='ocrx_word' id='word_1_53' title='bbox 791 1051 1041 1094; x_wconf 85' lang='lat' dir='ltr'>praegresso</span> <span class='ocrx_word' id='word_1_54' title='bbox 1076 1037 1269 1084; x_wconf 78' lang='grc' dir='ltr'><em>εὐκόπως.</em></span> <span class='ocrx_word' id='word_1_55' title='bbox 1306 1036 1502 1080; x_wconf 75' lang='lat' dir='ltr'><strong>Fortasse</strong></span> <span class='ocrx_word' id='word_1_56' title='bbox 1533 1037 1641 1080; x_wconf 81' lang='lat' dir='ltr'>fuit:</span> 
     </span>
    </p>
   </div>
   <div class='ocr_carea' id='block_1_4' title="bbox 349 1119 1389 1170">
    <p class='ocr_par' dir='ltr' id='par_1_6' title="bbox 349 1119 1389 1170">
     <span class='ocr_line' id='line_1_9' title="bbox 349 1119 1389 1170; baseline 0 -8"><span class='ocrx_word' id='word_1_57' title='bbox 349 1119 535 1162; x_wconf 80' lang='grc' dir='ltr'><em>λοιπόν</em></span> <span class='ocrx_word' id='word_1_58' title='bbox 568 1136 623 1170; x_wconf 89' lang='grc' dir='ltr'>με</span> <span class='ocrx_word' id='word_1_59' title='bbox 656 1121 769 1161; x_wconf 85' lang='grc' dir='ltr'><em>πεῖθε</em></span> <span class='ocrx_word' id='word_1_60' title='bbox 800 1121 858 1170; x_wconf 71' lang='grc' dir='ltr'>μὴ</span> <span class='ocrx_word' id='word_1_61' title='bbox 895 1124 1106 1163; x_wconf 73' lang='grc' dir='ltr'><em>κατοκνεῖν</em></span> <span class='ocrx_word' id='word_1_62' title='bbox 1141 1121 1198 1166; x_wconf 84' lang='grc' dir='ltr'>εἰς</span> <span class='ocrx_word' id='word_1_63' title='bbox 1231 1119 1389 1167; x_wconf 80' lang='grc' dir='ltr'><em>πόνους.</em></span> 
     </span>
    </p>
   </div>
   <div class='ocr_carea' id='block_1_5' title="bbox 121 1285 1714 1756">
    <p class='ocr_par' dir='ltr' id='par_1_7' title="bbox 128 1285 1365 1341">
     <span class='ocr_line' id='line_1_10' title="bbox 128 1285 1365 1341; baseline -0.002 -9"><span class='ocrx_word' id='word_1_64' title='bbox 128 1288 228 1340; x_wconf 76' lang='grc'>169,</span> <span class='ocrx_word' id='word_1_65' title='bbox 262 1289 301 1333; x_wconf 89' lang='lat' dir='ltr'>l.</span> <span class='ocrx_word' id='word_1_66' title='bbox 1006 1285 1082 1332; x_wconf 83' lang='grc' dir='ltr'><em>οἷον</em></span> <span class='ocrx_word' id='word_1_67' title='bbox 1114 1290 1365 1341; x_wconf 66' lang='grc' dir='ltr'><em>ἀκμαίων</em></span> 
     </span>
    </p>

    <p class='ocr_par' dir='ltr' id='par_1_8' title="bbox 121 1367 1714 1756">
     <span class='ocr_line' id='line_1_11' title="bbox 333 1367 1227 1424; baseline 0.002 -11"><span class='ocrx_word' id='word_1_68' title='bbox 333 1367 441 1424; x_wconf 73' lang='grc' dir='ltr'><em>ὥριον</em></span> <span class='ocrx_word' id='word_1_69' title='bbox 473 1371 518 1413; x_wconf 80' lang='grc' dir='ltr'>ἐκ</span> <span class='ocrx_word' id='word_1_70' title='bbox 550 1370 737 1422; x_wconf 70' lang='grc' dir='ltr'><em>λαγόνων</em></span> <span class='ocrx_word' id='word_1_71' title='bbox 771 1370 884 1417; x_wconf 74' lang='grc' dir='ltr'><em>ἄνθος</em></span> <span class='ocrx_word' id='word_1_72' title='bbox 918 1371 1227 1424; x_wconf 75' lang='grc' dir='ltr'><em>ἀποκρέμαται.</em></span> 
     </span>
     <span class='ocr_line' id='line_1_12' title="bbox 121 1449 1711 1507; baseline 0.002 -12"><span class='ocrx_word' id='word_1_73' title='bbox 121 1449 189 1495; x_wconf 80' lang='lat' dir='ltr'>E&#39;x</span> <span class='ocrx_word' id='word_1_74' title='bbox 219 1451 376 1496; x_wconf 81' lang='lat' dir='ltr'>codicis</span> <span class='ocrx_word' id='word_1_75' title='bbox 407 1452 589 1496; x_wconf 85' lang='lat' dir='ltr'>lectione</span> <span class='ocrx_word' id='word_1_76' title='bbox 621 1453 802 1504; x_wconf 69' lang='grc' dir='ltr'><em>ἀκμαῖον</em></span> <span class='ocrx_word' id='word_1_77' title='bbox 833 1456 957 1496; x_wconf 87' lang='lat' dir='ltr'>acute</span> <span class='ocrx_word' id='word_1_78' title='bbox 989 1453 1182 1496; x_wconf 85' lang='lat' dir='ltr'>Piccolus</span> <span class='ocrx_word' id='word_1_79' title='bbox 1214 1453 1315 1496; x_wconf 86' lang='lat' dir='ltr'>fecit</span> <span class='ocrx_word' id='word_1_80' title='bbox 1346 1455 1374 1495; x_wconf 72' lang='grc' dir='ltr'>οἱ</span> <span class='ocrx_word' id='word_1_81' title='bbox 1389 1471 1413 1496; x_wconf 87' lang='grc' dir='ltr'><em>κ</em></span> <span class='ocrx_word' id='word_1_82' title='bbox 1425 1470 1484 1507; x_wconf 87' lang='grc' dir='ltr'>ρα</span> <span class='ocrx_word' id='word_1_83' title='bbox 1499 1455 1513 1496; x_wconf 84' lang='grc' dir='ltr'>ι’</span> <span class='ocrx_word' id='word_1_84' title='bbox 1525 1472 1552 1498; x_wconf 87' lang='grc' dir='ltr'><strong><em>ω</em></strong></span> <span class='ocrx_word' id='word_1_85' title='bbox 1569 1471 1588 1496; x_wconf 91' lang='grc' dir='ltr'><em>ν</em></span> <span class='ocrx_word' id='word_1_86' title='bbox 1601 1486 1612 1506; x_wconf 90' lang='grc'><em>,</em></span> <span class='ocrx_word' id='word_1_87' title='bbox 1641 1457 1711 1498; x_wconf 87' lang='lat' dir='ltr'>sed</span> 
     </span>
     <span class='ocr_line' id='line_1_13' title="bbox 122 1533 1713 1588; baseline 0.002 -12"><span class='ocrx_word' id='word_1_88' title='bbox 122 1533 301 1578; x_wconf 85' lang='lat' dir='ltr'>dubium</span> <span class='ocrx_word' id='word_1_89' title='bbox 340 1536 406 1577; x_wconf 79' lang='lat' dir='ltr'>est</span> <span class='ocrx_word' id='word_1_90' title='bbox 447 1536 590 1578; x_wconf 89' lang='lat' dir='ltr'>utrum</span> <span class='ocrx_word' id='word_1_91' title='bbox 632 1534 714 1578; x_wconf 91' lang='lat' dir='ltr'>hoc</span> <span class='ocrx_word' id='word_1_92' title='bbox 756 1535 891 1578; x_wconf 86' lang='lat' dir='ltr'>lateat</span> <span class='ocrx_word' id='word_1_93' title='bbox 933 1550 988 1577; x_wconf 87' lang='lat' dir='ltr'>an</span> <span class='ocrx_word' id='word_1_94' title='bbox 1021 1535 1196 1588; x_wconf 74' lang='grc' dir='ltr'><em>ἀκράων.</em></span> <span class='ocrx_word' id='word_1_95' title='bbox 1236 1534 1434 1579; x_wconf 83' lang='lat' dir='ltr'>Ceterum</span> <span class='ocrx_word' id='word_1_96' title='bbox 1466 1550 1533 1579; x_wconf 82' lang='lat' dir='ltr'>res</span> <span class='ocrx_word' id='word_1_97' title='bbox 1566 1538 1713 1579; x_wconf 86' lang='lat' dir='ltr'>eodem</span> 
     </span>
     <span class='ocr_line' id='line_1_14' title="bbox 122 1615 1714 1674; baseline 0.002 -15"><span class='ocrx_word' id='word_1_98' title='bbox 122 1615 263 1668; x_wconf 57' lang='lat' dir='ltr'>reditz</span> <span class='ocrx_word' id='word_1_99' title='bbox 299 1617 513 1673; x_wconf 70' lang='lat' dir='ltr'>aequiores</span> <span class='ocrx_word' id='word_1_100' title='bbox 553 1617 667 1660; x_wconf 90' lang='lat' dir='ltr'>enim</span> <span class='ocrx_word' id='word_1_101' title='bbox 710 1617 890 1660; x_wconf 83' lang='lat' dir='ltr'>subinde</span> <span class='ocrx_word' id='word_1_102' title='bbox 922 1619 1114 1673; x_wconf 73' lang='grc' dir='ltr'><em>ἀκραῒος,</em></span> <span class='ocrx_word' id='word_1_103' title='bbox 1146 1619 1262 1673; x_wconf 91' lang='lat' dir='ltr'>quod</span> <span class='ocrx_word' id='word_1_104' title='bbox 1293 1618 1406 1674; x_wconf 90' lang='lat' dir='ltr'>apud</span> <span class='ocrx_word' id='word_1_105' title='bbox 1440 1619 1603 1662; x_wconf 82' lang='lat' dir='ltr'>veteres</span> <span class='ocrx_word' id='word_1_106' title='bbox 1636 1620 1714 1662; x_wconf 88' lang='lat' dir='ltr'>du-</span> 
     </span>
     <span class='ocr_line' id='line_1_15' title="bbox 121 1697 1198 1756; baseline 0.001 -15"><span class='ocrx_word' id='word_1_107' title='bbox 121 1697 234 1741; x_wconf 81' lang='lat' dir='ltr'>citur</span> <span class='ocrx_word' id='word_1_108' title='bbox 263 1697 320 1741; x_wconf 80' lang='lat' dir='ltr'>ab</span> <span class='ocrx_word' id='word_1_109' title='bbox 351 1697 484 1752; x_wconf 73' lang='grc' dir='ltr'><em>ἄκρα,</em></span> <span class='ocrx_word' id='word_1_110' title='bbox 515 1713 594 1755; x_wconf 88' lang='lat' dir='ltr'>pro</span> <span class='ocrx_word' id='word_1_111' title='bbox 625 1697 745 1753; x_wconf 75' lang='grc' dir='ltr'><em>ἄκρος</em></span> <span class='ocrx_word' id='word_1_112' title='bbox 777 1713 983 1756; x_wconf 87' lang='lat' dir='ltr'>usurpare</span> <span class='ocrx_word' id='word_1_113' title='bbox 1016 1701 1198 1742; x_wconf 84' lang='lat' dir='ltr'>constat.</span> 
     </span>
    </p>
   </div>
   <div class='ocr_carea' id='block_1_6' title="bbox 117 1854 1714 2244">
    <p class='ocr_par' dir='ltr' id='par_1_9' title="bbox 124 1854 1652 1995">
     <span class='ocr_line' id='line_1_16' title="bbox 124 1854 1652 1914; baseline 0.001 -14"><span class='ocrx_word' id='word_1_114' title='bbox 124 1855 227 1909; x_wconf 83' lang='grc'>172,</span> <span class='ocrx_word' id='word_1_115' title='bbox 261 1857 301 1900; x_wconf 93' lang='grc'>1.</span> <span class='ocrx_word' id='word_1_116' title='bbox 335 1854 466 1904; x_wconf 79' lang='grc' dir='ltr'><em>Οὗτος</em></span> <span class='ocrx_word' id='word_1_117' title='bbox 495 1856 649 1910; x_wconf 78' lang='grc' dir='ltr'><em>’Έρως’</em></span> <span class='ocrx_word' id='word_1_118' title='bbox 682 1858 725 1901; x_wconf 87' lang='grc' dir='ltr'>τί</span> <span class='ocrx_word' id='word_1_119' title='bbox 756 1858 840 1911; x_wconf 73' lang='grc' dir='ltr'>γαρ</span> <span class='ocrx_word' id='word_1_120' title='bbox 875 1857 982 1901; x_wconf 75' lang='grc' dir='ltr'>ἄλλο</span> <span class='ocrx_word' id='word_1_121' title='bbox 1015 1859 1084 1901; x_wconf 82' lang='grc' dir='ltr'>καὶ</span> <span class='ocrx_word' id='word_1_122' title='bbox 1120 1858 1290 1913; x_wconf 81' lang='grc' dir='ltr'><em>ἔπρεπεν</em></span> <span class='ocrx_word' id='word_1_123' title='bbox 1325 1859 1478 1911; x_wconf 84' lang='grc' dir='ltr'><em>οὔνομα</em></span> <span class='ocrx_word' id='word_1_124' title='bbox 1509 1860 1652 1914; x_wconf 82' lang='grc' dir='ltr'><em>χώρῳ,</em></span> 
     </span>
     <span class='ocr_line' id='line_1_17' title="bbox 333 1937 1366 1995; baseline 0.002 -13"><span class='ocrx_word' id='word_1_125' title='bbox 333 1937 532 1983; x_wconf 67' lang='grc' dir='ltr'><em>πάντοθεν</em></span> <span class='ocrx_word' id='word_1_126' title='bbox 562 1940 733 1992; x_wconf 81' lang='grc' dir='ltr'><em>ἱμερτῶν</em></span> <span class='ocrx_word' id='word_1_127' title='bbox 766 1940 1137 1991; x_wconf 74' lang='grc' dir='ltr'><em>πληθομένωΝ</em></span> <span class='ocrx_word' id='word_1_128' title='bbox 1168 1941 1366 1995; x_wconf 83' lang='grc' dir='ltr'><em>χαρίτων.</em></span> 
     </span>
    </p>

    <p class='ocr_par' dir='ltr' id='par_1_10' title="bbox 117 2019 1714 2079">
     <span class='ocr_line' id='line_1_18' title="bbox 117 2019 1714 2079; baseline 0.001 -15"><span class='ocrx_word' id='word_1_129' title='bbox 117 2019 157 2064; x_wconf 76' lang='lat' dir='ltr'><strong>E</strong></span> <span class='ocrx_word' id='word_1_130' title='bbox 185 2019 375 2065; x_wconf 83' lang='lat' dir='ltr'>Grameri</span> <span class='ocrx_word' id='word_1_131' title='bbox 405 2020 490 2065; x_wconf 87' lang='lat' dir='ltr'>An.</span> <span class='ocrx_word' id='word_1_132' title='bbox 523 2021 620 2065; x_wconf 87' lang='lat' dir='ltr'>Par.</span> <span class='ocrx_word' id='word_1_133' title='bbox 654 2021 719 2064; x_wconf 91' lang='lat' dir='ltr'>IV</span> <span class='ocrx_word' id='word_1_134' title='bbox 752 2021 838 2065; x_wconf 78' lang='lat'>372</span> <span class='ocrx_word' id='word_1_135' title='bbox 871 2022 1024 2065; x_wconf 87' lang='lat' dir='ltr'>sumsit</span> <span class='ocrx_word' id='word_1_136' title='bbox 1053 2022 1204 2066; x_wconf 79' lang='lat' dir='ltr'>editor.</span> <span class='ocrx_word' id='word_1_137' title='bbox 1237 2022 1489 2079; x_wconf 81' lang='lat' dir='ltr'>Gorrigatur</span> <span class='ocrx_word' id='word_1_138' title='bbox 1521 2024 1714 2073; x_wconf 80' lang='grc' dir='ltr'><em>πληθο-</em></span> 
     </span>
    </p>

    <p class='ocr_par' dir='ltr' id='par_1_11' title="bbox 118 2101 1714 2160">
     <span class='ocr_line' id='line_1_19' title="bbox 118 2101 1714 2160; baseline 0.001 -14"><span class='ocrx_word' id='word_1_139' title='bbox 118 2101 276 2160; x_wconf 55' lang='lat' dir='ltr'>udus,</span> <span class='ocrx_word' id='word_1_140' title='bbox 324 2117 409 2160; x_wconf 89' lang='lat' dir='ltr'>quo</span> <span class='ocrx_word' id='word_1_141' title='bbox 451 2103 580 2146; x_wconf 85' lang='lat' dir='ltr'>verbo</span> <span class='ocrx_word' id='word_1_142' title='bbox 621 2104 835 2160; x_wconf 84' lang='lat' dir='ltr'>sequiores</span> <span class='ocrx_word' id='word_1_143' title='bbox 874 2106 1055 2147; x_wconf 86' lang='lat' dir='ltr'>utuntur</span> <span class='ocrx_word' id='word_1_144' title='bbox 1097 2119 1174 2160; x_wconf 88' lang='lat' dir='ltr'>pro</span> <span class='ocrx_word' id='word_1_145' title='bbox 1217 2105 1516 2158; x_wconf 78' lang='grc' dir='ltr'><em>πίμπλασθαι,</em></span> <span class='ocrx_word' id='word_1_146' title='bbox 1549 2107 1714 2148; x_wconf 83' lang='lat' dir='ltr'>veteres</span> 
     </span>
    </p>

    <p class='ocr_par' dir='ltr' id='par_1_12' title="bbox 121 2184 1712 2244">
     <span class='ocr_line' id='line_1_20' title="bbox 121 2184 1712 2244; baseline 0.001 -15"><span class='ocrx_word' id='word_1_147' title='bbox 121 2184 236 2229; x_wconf 83' lang='lat' dir='ltr'>euim</span> <span class='ocrx_word' id='word_1_148' title='bbox 261 2184 397 2228; x_wconf 79' lang='lat' dir='ltr'>solam</span> <span class='ocrx_word' id='word_1_149' title='bbox 424 2185 604 2228; x_wconf 82' lang='lat' dir='ltr'>formam</span> <span class='ocrx_word' id='word_1_150' title='bbox 632 2186 815 2230; x_wconf 76' lang='lat' dir='ltr'><strong>activam</strong></span> <span class='ocrx_word' id='word_1_151' title='bbox 839 2187 1059 2229; x_wconf 84' lang='lat' dir='ltr'>adhibent.</span> <span class='ocrx_word' id='word_1_152' title='bbox 1079 2187 1288 2244; x_wconf 82' lang='lat' dir='ltr'>Exempla</span> <span class='ocrx_word' id='word_1_153' title='bbox 1303 2187 1400 2231; x_wconf 84' lang='lat' dir='ltr'>vide</span> <span class='ocrx_word' id='word_1_154' title='bbox 1416 2187 1463 2230; x_wconf 89' lang='lat' dir='ltr'>in</span> <span class='ocrx_word' id='word_1_155' title='bbox 1478 2187 1712 2231; x_wconf 80' lang='lat' dir='ltr'><strong>Thesauro.</strong></span> 
     </span>
    </p>
   </div>
   <div class='ocr_carea' id='block_1_7' title="bbox 62 2344 1719 3058">
    <p class='ocr_par' dir='ltr' id='par_1_13' title="bbox 118 2344 1716 2485">
     <span class='ocr_line' id='line_1_21' title="bbox 181 2344 1716 2402; baseline 0.001 -14"><span class='ocrx_word' id='word_1_156' title='bbox 181 2344 281 2390; x_wconf 83' lang='lat'>175.</span> <span class='ocrx_word' id='word_1_157' title='bbox 314 2344 446 2389; x_wconf 85' lang='lat' dir='ltr'>Recte</span> <span class='ocrx_word' id='word_1_158' title='bbox 476 2345 695 2396; x_wconf 84' lang='lat' dir='ltr'>Piccolus‚</span> <span class='ocrx_word' id='word_1_159' title='bbox 725 2345 881 2389; x_wconf 82' lang='lat' dir='ltr'>collato</span> <span class='ocrx_word' id='word_1_160' title='bbox 908 2345 1087 2402; x_wconf 84' lang='lat' dir='ltr'>Synesio</span> <span class='ocrx_word' id='word_1_161' title='bbox 1122 2345 1202 2402; x_wconf 82' lang='lat' dir='ltr'>Ep.</span> <span class='ocrx_word' id='word_1_162' title='bbox 1224 2346 1335 2398; x_wconf 87' lang='lat'>130,</span> <span class='ocrx_word' id='word_1_163' title='bbox 1354 2346 1436 2389; x_wconf 88' lang='lat' dir='ltr'>hoc</span> <span class='ocrx_word' id='word_1_164' title='bbox 1453 2346 1716 2402; x_wconf 81' lang='lat' dir='ltr'>epigramma</span> 
     </span>
     <span class='ocr_line' id='line_1_22' title="bbox 118 2427 1714 2485; baseline 0.001 -14"><span class='ocrx_word' id='word_1_165' title='bbox 118 2427 333 2472; x_wconf 78' lang='lat' dir='ltr'>intellexit</span> <span class='ocrx_word' id='word_1_166' title='bbox 375 2429 428 2471; x_wconf 88' lang='lat' dir='ltr'>de</span> <span class='ocrx_word' id='word_1_167' title='bbox 473 2428 815 2481; x_wconf 72' lang='lat' dir='ltr'><strong>excubitoribus,</strong></span> <span class='ocrx_word' id='word_1_168' title='bbox 868 2429 942 2485; x_wconf 88' lang='lat' dir='ltr'>qui</span> <span class='ocrx_word' id='word_1_169' title='bbox 986 2429 1151 2471; x_wconf 84' lang='lat' dir='ltr'>viarum</span> <span class='ocrx_word' id='word_1_170' title='bbox 1195 2429 1414 2472; x_wconf 89' lang='lat' dir='ltr'>securitati</span> <span class='ocrx_word' id='word_1_171' title='bbox 1458 2429 1714 2485; x_wconf 86' lang='lat' dir='ltr'>praepositi,</span> 
     </span>
    </p>

    <p class='ocr_par' dir='ltr' id='par_1_14' title="bbox 94 2509 1715 2566">
     <span class='ocr_line' id='line_1_23' title="bbox 94 2509 1715 2566; baseline 0.001 -14"><span class='ocrx_word' id='word_1_172' title='bbox 94 2543 98 2552; x_wconf 83' lang='lat'>.</span> <span class='ocrx_word' id='word_1_173' title='bbox 121 2510 201 2554; x_wconf 79' lang='lat' dir='ltr'>hac</span> <span class='ocrx_word' id='word_1_174' title='bbox 232 2512 276 2553; x_wconf 87' lang='lat' dir='ltr'>et</span> <span class='ocrx_word' id='word_1_175' title='bbox 304 2509 405 2553; x_wconf 86' lang='lat' dir='ltr'>illac</span> <span class='ocrx_word' id='word_1_176' title='bbox 433 2509 718 2553; x_wconf 73' lang='lat' dir='ltr'>circumibant</span> <span class='ocrx_word' id='word_1_177' title='bbox 748 2510 898 2552; x_wconf 88' lang='lat' dir='ltr'>urbem</span> <span class='ocrx_word' id='word_1_178' title='bbox 930 2525 1027 2552; x_wconf 88' lang='lat' dir='ltr'>cum</span> <span class='ocrx_word' id='word_1_179' title='bbox 1059 2510 1236 2554; x_wconf 87' lang='lat' dir='ltr'>facibus.</span> <span class='ocrx_word' id='word_1_180' title='bbox 1269 2509 1470 2566; x_wconf 87' lang='lat' dir='ltr'>Fingitur</span> <span class='ocrx_word' id='word_1_181' title='bbox 1497 2510 1621 2553; x_wconf 90' lang='lat' dir='ltr'>Luna</span> <span class='ocrx_word' id='word_1_182' title='bbox 1647 2510 1715 2553; x_wconf 88' lang='lat' dir='ltr'>his</span> 
     </span>
    </p>

    <p class='ocr_par' dir='ltr' id='par_1_15' title="bbox 62 2590 1715 2807">
     <span class='ocr_line' id='line_1_24' title="bbox 121 2590 1715 2649; baseline -0.001 -13"><span class='ocrx_word' id='word_1_183' title='bbox 121 2606 367 2636; x_wconf 79' lang='lat' dir='ltr'>succensere</span> <span class='ocrx_word' id='word_1_184' title='bbox 407 2590 524 2634; x_wconf 85' lang='lat' dir='ltr'>haud</span> <span class='ocrx_word' id='word_1_185' title='bbox 565 2591 690 2634; x_wconf 88' lang='lat' dir='ltr'>aliter</span> <span class='ocrx_word' id='word_1_186' title='bbox 706 2623 716 2643; x_wconf 90' lang='lat'>‚</span> <span class='ocrx_word' id='word_1_187' title='bbox 759 2592 820 2635; x_wconf 88' lang='lat' dir='ltr'>sic</span> <span class='ocrx_word' id='word_1_188' title='bbox 862 2592 975 2635; x_wconf 91' lang='lat' dir='ltr'>enim</span> <span class='ocrx_word' id='word_1_189' title='bbox 1019 2592 1225 2648; x_wconf 72' lang='lat' dir='ltr'>intellego</span> <span class='ocrx_word' id='word_1_190' title='bbox 1258 2607 1319 2634; x_wconf 85' lang='lat' dir='ltr'>vs.</span> <span class='ocrx_word' id='word_1_191' title='bbox 1353 2592 1528 2634; x_wconf 87' lang='lat' dir='ltr'>tertium</span> <span class='ocrx_word' id='word_1_192' title='bbox 1542 2624 1552 2643; x_wconf 92' lang='lat'>‚</span> <span class='ocrx_word' id='word_1_193' title='bbox 1586 2607 1715 2649; x_wconf 82' lang='lat' dir='ltr'>quam</span> 
     </span>
     <span class='ocr_line' id='line_1_25' title="bbox 62 2655 1715 2730; baseline -0.001 -13"><span class='ocrx_word' id='word_1_194' title='bbox 62 2655 65 2657; x_wconf 31' lang='grc'><em>“</em></span> <span class='ocrx_word' id='word_1_195' title='bbox 120 2673 223 2717; x_wconf 89' lang='lat' dir='ltr'>olim</span> <span class='ocrx_word' id='word_1_196' title='bbox 254 2672 327 2717; x_wconf 83' lang='lat' dir='ltr'>Sol</span> <span class='ocrx_word' id='word_1_197' title='bbox 358 2673 600 2716; x_wconf 84' lang='lat' dir='ltr'>succensuit</span> <span class='ocrx_word' id='word_1_198' title='bbox 631 2673 913 2724; x_wconf 67' lang='lat' dir='ltr'>Phaethonti,</span> <span class='ocrx_word' id='word_1_199' title='bbox 943 2674 1016 2730; x_wconf 91' lang='lat' dir='ltr'>qui</span> <span class='ocrx_word' id='word_1_200' title='bbox 1040 2674 1174 2730; x_wconf 88' lang='lat' dir='ltr'>ipsius</span> <span class='ocrx_word' id='word_1_201' title='bbox 1207 2688 1378 2716; x_wconf 88' lang='lat' dir='ltr'>currum</span> <span class='ocrx_word' id='word_1_202' title='bbox 1398 2674 1715 2717; x_wconf 88' lang='lat' dir='ltr'>conscenderat.</span> 
     </span>
     <span class='ocr_line' id='line_1_26' title="bbox 122 2753 714 2807; baseline 0 -9"><span class='ocrx_word' id='word_1_203' title='bbox 122 2753 248 2806; x_wconf 85' lang='lat' dir='ltr'>Quod</span> <span class='ocrx_word' id='word_1_204' title='bbox 279 2753 316 2798; x_wconf 78' lang='lat' dir='ltr'>si</span> <span class='ocrx_word' id='word_1_205' title='bbox 346 2754 409 2797; x_wconf 77' lang='lat' dir='ltr'>ita</span> <span class='ocrx_word' id='word_1_206' title='bbox 439 2757 504 2798; x_wconf 84' lang='lat' dir='ltr'>est</span> <span class='ocrx_word' id='word_1_207' title='bbox 517 2786 528 2807; x_wconf 94' lang='lat'>‚</span> <span class='ocrx_word' id='word_1_208' title='bbox 560 2755 714 2798; x_wconf 82' lang='lat' dir='ltr'>verba:</span> 
     </span>
    </p>

    <p class='ocr_par' dir='ltr' id='par_1_16' title="bbox 330 2834 1383 2892">
     <span class='ocr_line' id='line_1_27' title="bbox 330 2834 1383 2892; baseline 0.003 -13"><span class='ocrx_word' id='word_1_209' title='bbox 330 2834 481 2889; x_wconf 70' lang='grc' dir='ltr'><em>Ἥλιε,</em></span> <span class='ocrx_word' id='word_1_210' title='bbox 515 2838 748 2889; x_wconf 84' lang='grc' dir='ltr'><em>τεθρίπποις</em></span> <span class='ocrx_word' id='word_1_211' title='bbox 781 2838 1006 2892; x_wconf 62' lang='grc' dir='ltr'><em>νεμεσῆοᾚς</em></span> <span class='ocrx_word' id='word_1_212' title='bbox 1039 2838 1188 2889; x_wconf 79' lang='grc' dir='ltr'><em>μηκέτι</em></span> <span class='ocrx_word' id='word_1_213' title='bbox 1224 2838 1383 2891; x_wconf 83' lang='grc' dir='ltr'><em>μούνοις</em></span> 
     </span>
    </p>

    <p class='ocr_par' dir='ltr' id='par_1_17' title="bbox 119 2919 1719 3058">
     <span class='ocr_line' id='line_1_28' title="bbox 119 2919 1719 2977; baseline 0.001 -15"><span class='ocrx_word' id='word_1_214' title='bbox 119 2933 211 2962; x_wconf 83' lang='lat' dir='ltr'>non</span> <span class='ocrx_word' id='word_1_215' title='bbox 241 2921 423 2976; x_wconf 76' lang='lat' dir='ltr'><strong>possunt</strong></span> <span class='ocrx_word' id='word_1_216' title='bbox 453 2919 695 2975; x_wconf 82' lang='lat' dir='ltr'>significare</span> <span class='ocrx_word' id='word_1_217' title='bbox 726 2919 975 2976; x_wconf 79' lang='lat' dir='ltr'>»quadrigis</span> <span class='ocrx_word' id='word_1_218' title='bbox 1003 2935 1056 2962; x_wconf 90' lang='lat' dir='ltr'>ne</span> <span class='ocrx_word' id='word_1_219' title='bbox 1083 2921 1168 2963; x_wconf 89' lang='lat' dir='ltr'>iam</span> <span class='ocrx_word' id='word_1_220' title='bbox 1186 2921 1305 2977; x_wconf 86' lang='lat' dir='ltr'>(tuis)</span> <span class='ocrx_word' id='word_1_221' title='bbox 1322 2920 1554 2977; x_wconf 85' lang='lat' dir='ltr'>indignare</span> <span class='ocrx_word' id='word_1_222' title='bbox 1571 2920 1719 2973; x_wconf 82' lang='lat' dir='ltr'><strong>solis,”</strong></span> 
     </span>
     <span class='ocr_line' id='line_1_29' title="bbox 120 3001 1717 3058; baseline 0 -13"><span class='ocrx_word' id='word_1_223' title='bbox 120 3002 192 3045; x_wconf 79' lang='lat' dir='ltr'>sod</span> <span class='ocrx_word' id='word_1_224' title='bbox 225 3001 385 3044; x_wconf 83' lang='lat' dir='ltr'>debent</span> <span class='ocrx_word' id='word_1_225' title='bbox 415 3001 533 3044; x_wconf 79' lang='lat' dir='ltr'>»noli</span> <span class='ocrx_word' id='word_1_226' title='bbox 564 3002 651 3044; x_wconf 87' lang='lat' dir='ltr'>iam</span> <span class='ocrx_word' id='word_1_227' title='bbox 682 3002 869 3058; x_wconf 85' lang='lat' dir='ltr'>amplius</span> <span class='ocrx_word' id='word_1_228' title='bbox 901 3004 1078 3058; x_wconf 85' lang='lat' dir='ltr'>propter</span> <span class='ocrx_word' id='word_1_229' title='bbox 1109 3003 1338 3058; x_wconf 85' lang='lat' dir='ltr'>quadrigas</span> <span class='ocrx_word' id='word_1_230' title='bbox 1372 3006 1468 3045; x_wconf 87' lang='lat' dir='ltr'>tuas</span> <span class='ocrx_word' id='word_1_231' title='bbox 1501 3003 1612 3046; x_wconf 82' lang='lat' dir='ltr'><strong>solas</strong></span> <span class='ocrx_word' id='word_1_232' title='bbox 1647 3002 1717 3045; x_wconf 89' lang='lat' dir='ltr'>in-</span> 
     </span>
    </p>
   </div>
   <div class='ocr_carea' id='block_1_8' title="bbox 124 3083 1523 3198">
    <p class='ocr_par' dir='ltr' id='par_1_18' title="bbox 124 3083 1523 3198">
     <span class='ocr_line' id='line_1_30' title="bbox 124 3083 1012 3141; baseline 0 -15"><span class='ocrx_word' id='word_1_233' title='bbox 124 3083 341 3141; x_wconf 80' lang='lat' dir='ltr'>dignar.i&#39;’</span> <span class='ocrx_word' id='word_1_234' title='bbox 384 3083 524 3127; x_wconf 86' lang='lat' dir='ltr'>Mirus</span> <span class='ocrx_word' id='word_1_235' title='bbox 555 3086 699 3126; x_wconf 88' lang='lat' dir='ltr'>tamen</span> <span class='ocrx_word' id='word_1_236' title='bbox 731 3084 866 3127; x_wconf 84' lang='lat' dir='ltr'>dativi</span> <span class='ocrx_word' id='word_1_237' title='bbox 900 3099 1012 3127; x_wconf 83' lang='lat' dir='ltr'>usus.</span> 
     </span>
     <span class='ocr_line' id='line_1_31' title="bbox 1506 3169 1523 3198; baseline 0 0"><span class='ocrx_word' id='word_1_238' title='bbox 1506 3169 1523 3198; x_wconf 86' lang='lat'><strong>5</strong></span> 
     </span>
    </p>
   </div>
  </div>
 </body>
</html>
