2138 3580
1178 339 1262 382 142

426 465 600 519 propter
640 477 886 519 praegressa
932 462 1363 516 οὖκέτι--οὲνοιρρίψω
1412 461 1560 518 Anyta
1608 463 1870 519 ποιφύξω,
1921 477 2009 508 non

429 545 668 597 ποιφύσσω,
710 545 923 600 scripsisse
967 544 1145 587 videtur.
1188 543 1337 600 Neque
1367 544 1413 586 in
1446 543 1674 599 Pamphyli
1706 545 2012 600 epigrammate

428 627 528 680 201,
551 628 571 668 1
609 626 842 678 ἐκπροχέεις
878 640 973 667 cum
1003 625 1150 667 Grotio
1179 627 1223 667 et
1250 624 1477 681 Duebnero
1508 638 1586 679 pro
1613 624 1826 680 praesenti
1851 624 2010 678 habeo,

427 708 498 748 sed
541 706 684 761 potius
721 720 798 761 pro
840 705 997 749 futuro.
1040 705 1093 747 In
1134 704 1333 748 Simmiae
1351 705 1407 761 (?)
1441 707 1584 746 autem
1615 705 1829 760 poematio
1861 704 2012 763 (203),

428 787 500 829 ubi
530 787 576 828 in
608 787 751 829 codice
781 789 867 828 est:
1252 765 1257 770 ⁸

673 865 824 909 Οὐκέτ’
857 867 920 908 ἀν’
954 867 1072 914 §ausu
1106 866 1205 917 δρίος
1238 865 1418 922 εὔσκιον,
1452 865 1614 918 ἀγρόται
1649 865 1792 917 τέττιξ
1803 864 1829 918 ,’

728 948 954 999 ἧχήσεις
987 947 1136 994 aive),-
1170 953 1294 1000 γῆρυν
1330 947 1412 1005 cipi-b
1445 946 1676 998 στομάτων.

424 1028 583 1083 ambigi
625 1028 764 1083 potest
804 1030 948 1069 utrum
981 1029 1093 1069 recte
1127 1027 1397 1069 emendatum
1431 1027 1487 1069 sit
1518 1028 1732 1080 ἠχήεσσαν
1763 1024 1823 1075 ἵης
1856 1026 2007 1084 (ism),

423 1123 479 1150 an
511 1109 650 1150 verius
682 1108 912 1150 scribamus
944 1109 1085 1161 ἠχήεις
1121 1106 1252 1158 ἤσεις,
1287 1108 1643 1164 quemadmodum
1670 1108 1883 1163 Meleager
1917 1106 2007 1150 VII

426 1189 535 1243 196,
583 1189 602 1229 1
651 1188 760 1230 dixit
800 1188 942 1240 ἠχήεις
985 1187 1138 1238 τέττιξ.
1173 1188 1255 1230 Illa
1286 1191 1430 1230 tamen
1463 1188 1666 1231 correctio
1699 1189 1743 1230 et
1773 1187 1910 1230 lenior
1941 1187 2006 1230 vi—

424 1269 548 1311 detur
589 1271 631 1310 et
672 1268 862 1320 suavior,
907 1283 985 1310 nec
1026 1283 1224 1324 praesens
1269 1271 1436 1323 tempus
1477 1268 1523 1310 in
1567 1268 1723 1310 talibus
1753 1268 2008 1310 inusitatum

425 1351 507 1404 est,
553 1349 625 1391 sed
667 1348 803 1390 multo
845 1347 1110 1404 frequentius
1141 1348 1350 1404 reperitur
1382 1348 1601 1399 futurum,
1633 1348 1747 1403 quod
1779 1347 1892 1390 haud
1923 1347 2008 1390 scio

425 1445 481 1472 an
512 1430 654 1486 aptius
686 1429 836 1471 reddat
863 1428 1003 1471 flebile
1036 1429 1300 1472 desiderium.
1992 1429 1994 1431 ’

484 1586 572 1629 VII
605 1585 704 1630 726.
737 1587 790 1629 In
816 1586 897 1628 hoc
922 1585 1132 1628 Leonidae
1159 1585 1464 1641 epigrammate
1488 1584 1535 1626 in
1562 1597 1788 1640 pauperem
1819 1582 2006 1627 vetulam

425 1682 485 1710 vs.
522 1668 545 1709 7
579 1669 782 1710 mendosa
812 1670 913 1709 sunt
944 1667 1098 1710 verba:

662 1773 719 1780 —
753 1749 775 1798 ἢ
808 1751 916 1802 ῥικνῇ
949 1747 1037 1800 περὶ
1071 1747 1268 1797 γούνατος
1300 1746 1481 1799 ἄρκιον
1514 1746 1612 1798 ἱστῷ

720 1828 826 1882 χειρὶ
860 1827 1192 1881 στρογγύλλουσ’
1224 1826 1465 1879 ἱμερόεσσαν
1497 1826 1650 1878 κρόκην.

479 1909 562 1952 Ρ1·0
604 1909 752 1951 vitioso
794 1908 926 1960 ἄρκιον
970 1908 1095 1950 unius
1137 1898 1304 1950 litterae
1346 1906 1678 1962 transpositione
1710 1904 1889 1947 emendo
1917 1901 2000 1956 ἄρ-

418 2006 548 2041 κιον,
591 1989 745 2032 collato
789 1987 985 2044 Oppiano
1029 1987 1189 2044 Oyneg.
1235 1988 1280 2030 II
1322 1987 1409 2029 552
1444 1987 1539 2039 ὑπὲρ
1571 1985 1734 2038 ἅκρια
1765 1984 1879 2038 ῥινός.
1911 1983 2003 2034 Qua
2034 2012 2036 2014 v

415 2072 673 2113 correctione
704 2070 829 2111 simul
861 2069 1093 2111 liberamur
1124 2069 1286 2111 soloeco
1324 2067 1531 2111 Genetivo
1563 2067 1651 2119 περὶ
1685 2066 1899 2118 γούνατος.
1976 2091 1978 2094 v

478 2227 544 2269 IX
580 2227 676 2269 151.
708 2225 926 2280 Anonymi
953 2225 1216 2280 epigramma
1232 2224 1283 2265 de
1299 2223 1443 2265 cranio
1459 2222 1579 2264 humi
1594 2221 1783 2277 proiecto
1800 2220 1853 2263 ab
1869 2220 2000 2276 impio

418 2307 588 2349 homine
619 2307 665 2348 in
694 2306 826 2361 ipsius
857 2305 1062 2347 resilienti
1094 2307 1221 2359 caput
1251 2317 1430 2359 eumque
1462 2302 1702 2345 occaecanti
1733 2302 1793 2344 sic
1823 2300 1998 2344 finitur:

659 2387 727 2428 καὶ
760 2386 888 2428 πάλιν
921 2386 995 2432 εἷς
1030 2385 1183 2434 οὶΐδην
1220 2382 1460 2437 ἐκολάζετο,
1493 2383 1565 2432 την
1598 2382 1699 2431 ἰδίην
1730 2382 1771 2424 δὲ

724 2466 924 2508 ἔκλαυσεν
956 2470 1100 2518 χειρῶν
1135 2464 1331 2516 εὔστοχον
1364 2463 1607 2518 ἀφροσύνην.

475 2547 650 2603 Reisigii
681 2547 924 2589 coniectura
957 2545 1169 2597 κωμάζετο
1204 2545 1313 2597 (cod.
1342 2529 1431 2586 Pal.
1462 2543 1708 2599 κωλάζετο),
1729 2542 1880 2585 merito
1897 2542 1999 2585 olim

416 2614 661 2684 repudiata,
705 2641 840 2682 nuper
880 2626 1038 2668 iniuria
1071 2626 1251 2681 probata
1281 2626 1346 2667 est
1377 2624 1724 2667 a⁴Sternbachio.
1772 2623 1852 2667 Sed
1884 2624 1998 2666 enim

415 2709 620 2752 refellitur
664 2723 759 2750 cum
808 2707 946 2750 verbis
995 2707 1269 2762 sequentibus
1312 2707 1384 2755 τὴν
1407 2730 1458 2737 -
1479 2705 1708 2758 ἀφροσύνην
1751 2707 1841 2746 tum
1867 2704 2000 2748 libera

417 2790 596 2833 Ausonii
637 2789 851 2839 versione,
898 2789 971 2843 qui
1004 2788 1218 2843 graviores
1249 2787 1326 2829 has
1355 2787 1477 2842 impii
1508 2786 1692 2828 hominis
1722 2800 1880 2841 poenas
1910 2800 1998 2829 non

416 2870 587 2912 silentio
629 2869 938 2924 praeteriisset,
981 2869 1030 2910 ut
1070 2870 1231 2909 taceam
1275 2867 1414 2922 ipsum
1446 2866 1620 2909 verbum
1655 2864 1914 2918 κωμάζεσθκι
1945 2865 2000 2908 ab

420 2951 496 2992 hoc
535 2950 627 2992 loco
670 2949 856 2991 alienum
899 2963 999 2990 esse.
1048 2948 1266 2989 Meliorem
1310 2947 1422 2989 viam
1464 2946 1563 2988 iniit
1602 2945 1797 2989 Schmidt
1826 2945 1900 2988 Kr.
1934 2945 1997 2989 St.

417 3030 484 3072 III
515 3045 558 3085 p.
596 3030 704 3081 148,
735 3029 808 3084 qui
839 3028 934 3086 vitii
967 3028 1108 3071 sedem
1141 3042 1229 3071 esse
1265 3031 1535 3070 eICAIAHN
1567 3026 1823 3082 perspiciens
1854 3025 1997 3070 minus
