2138 3580
872 350 928 392 95

110 474 328 530 intellego.
355 472 526 516 Dicitur
553 472 732 516 Ariston
757 472 961 515 tibiarum
989 474 1118 515 cantu
1147 472 1294 515 vicisse
1321 472 1367 513 in
1388 471 1500 513 ludis
1518 471 1698 527 pythiis,

111 555 357 607 Nemeaeis,
389 554 606 606 Isthmiis‚
638 553 812 609 Argivis
845 557 889 596 et
921 552 1246 597 Panathenaeis.
1281 552 1412 609 Argis
1444 555 1585 594 autem
1614 552 1703 595 vie-

111 637 247 680 toriae
286 635 697 693 praemium*fuisse
744 634 939 690 clupeum
988 649 1166 677 aeneum
1215 634 1343 677 etiam
1386 634 1558 676 aliunde
1602 633 1704 676 satis

111 719 296 761 constat.
327 716 409 761 Sed
440 732 501 760 vs.
536 718 564 760 4
595 718 795 772 corrupta
825 718 926 758 sunt
957 716 1086 758 verba
1121 716 1222 768 ἄνφὶ
1258 716 1353 763 Διὸς
1388 715 1562 767 κοτίνων,
1596 728 1704 770 quae

113 799 219 856 quin
265 799 406 842 celent
451 798 702 854 Olympieae
751 797 949 840 victoriae
997 797 1258 839 mentionem
1301 796 1488 839 dubitari
1531 796 1705 852 nequit,

47 922 50 925 .
112 883 374 938 quapropter
403 881 627 937 legendum
662 880 851 935 suspicor
883 879 1169 935 (coniecturae
1200 879 1313 921 enim
1327 910 1337 930 ‚
1365 893 1494 935 quam
1521 878 1707 934 praefer-

114 977 206 1008 rem
235 963 326 1006 τόν
358 979 416 1005 τε
448 962 544 1010 Διὸς
579 961 747 1012 κότινον,
785 975 873 1003 non
903 961 1048 1003 favent
1075 960 1258 1002 traditae
1285 961 1472 1018 litterae)
1493 959 1707 1017 [κ]ἄγ[χ]ι

115 1045 213 1094 Διὸς
255 1044 466 1102 κότιν[ο]ν,
509 1053 548 1088 et
587 1060 719 1102 prope
751 1043 890 1087 Iovem
922 1042 1055 1095 (Iovis
1088 1043 1313 1099 templum)
1346 1044 1589 1100 oleayinem,
1622 1043 1651 1085 i.
1670 1057 1705 1085 e.

113 1126 379 1184 oleagineam
405 1139 622 1177 eoronam,
651 1125 720 1168 cui
746 1125 901 1167 deinde
928 1124 1162 1180 opponitur
1177 1125 1248 1167 οὐκ
1267 1123 1405 1178 ἄγριος
1426 1150 1482 1156 -—
1502 1125 1627 1167 ἐλαία
1644 1138 1706 1167 vs.

116 1209 142 1252 5
174 1209 267 1266 (ubi
292 1208 440 1256 ἐλαίοις
469 1222 562 1251 meo
596 1209 731 1250 marte
765 1206 862 1249 dedi
893 1221 970 1263 pro
1003 1205 1202 1263 ἔλαι[ο]ς)
1235 1207 1348 1249 unde
1380 1207 1512 1250 fiebat
1543 1207 1709 1258 oleum,

114 1289 355 1346 qnovplena
379 1289 621 1332 donabatur
648 1303 757 1330 urna
782 1288 898 1344 pieta
923 1287 1078 1330 victori
1093 1287 1140 1330 in
1157 1287 1484 1331 Panathenaeis.
1519 1288 1584 1332 Of.
1604 1288 1710 1331 Pin-

114 1373 208 1415 dar.
250 1371 375 1416 Nem.
417 1371 457 1414 X
491 1371 562 1414 35.
595 1370 782 1414 Permire
814 1373 955 1412 autem
988 1371 1150 1412 dietum
1183 1373 1247 1413 est
1280 1372 1323 1413 et
1354 1371 1425 1413 vix
1457 1386 1608 1414 sanum
1641 1371 1710 1414 τὸν

116 1452 193 1497 ἀπ’
224 1453 372 1502 ἐλαίας
406 1450 733 1507 νειφόμενον
766 1451 897 1505 δώροις
933 1452 1106 1505 κρωσσόν
1143 1467 1220 1508 pro
1257 1453 1564 1509 [πληθ]όμενον,
1598 1455 1708 1510 quod

117 1538 338 1592 expectes,
370 1535 455 1578 nisi
486 1534 596 1578 forte
626 1535 733 1576 latet
768 1534 1121 1590 [στ]ει[ν]όμενον.
1170 1534 1245 1577 Vs.
1282 1535 1305 1577 7
1338 1535 1577 1578 sententiae
1609 1536 1711 1578 sub-

114 1616 271 1660 iectum
311 1618 376 1660 eet
422 1616 626 1673 Ariston,
677 1617 752 1671 qui
799 1615 971 1672 publiea
1018 1616 1273 1659 auctoritate
1321 1631 1507 1659 sacrasse
1554 1617 1712 1660 dieitur

116 1712 295 1742 aeneum
327 1697 487 1742 Bacchi
519 1697 793 1741 simulacrum
809 1729 819 1749 ‚
851 1697 1076 1740 donarium
1111 1701 1200 1740 tam
1243 1698 1416 1741 Phoebo
1459 1713 1588 1754 quam
1629 1699 1713 1756 ipsi

117 1779 286 1823 Baccho
329 1782 526 1836 gratum,
569 1780 617 1822 in
658 1779 904 1822 memoriam
948 1780 1052 1822 artis
1067 1811 1078 1831 ‚
1119 1794 1247 1835 quam
1293 1780 1506 1838 (Ariston)
1549 1796 1571 1823 e
1615 1796 1712 1823 eara

116 1862 252 1919 patris
298 1862 486 1905 nominis
532 1862 811 1905 similitudine
829 1893 1079 1906 .........
1094 1864 1114 1904 ⁸?
1162 1862 1245 1905 Pro
1288 1863 1521 1919 depravato
1563 1865 1710 1907 αὔσαθ’

118 1943 222 2001 quid
268 1945 563 2001 reponendum
611 1944 668 1987 sit
709 1944 783 1986 alii
825 1946 1047 2000 quaerant.
1090 1944 1280 1987 Tentans
1325 1947 1436 1988 enim
1490 1947 1711 2003 [ποί]σοιθ’,

115 2027 145 2070 i.
163 2041 198 2069 e.
243 2027 430 2077 κτήσαθ’,
474 2027 542 2070 vel
577 2027 784 2084 [ε]ύ[ρ]οιθ’
820 2041 908 2069 non
942 2026 1049 2068 mihi
1081 2027 1305 2069 satisfacio.
1339 2027 1468 2078 Quid
1500 2030 1613 2071 enim
1645 2045 1714 2072 ars

119 2121 345 2151 commune
383 2108 515 2151 habet
558 2123 652 2151 eum
698 2108 1009 2164 homonymia?
1042 2108 1229 2151 Omnino
1262 2123 1369 2166 opus
1403 2113 1493 2162 est,
1526 2113 1576 2153 ut
1607 2112 1716 2168 lapis

119 2189 368 2246 diligentius
409 2189 690 2233 examinetur.
728 2215 780 2222 —
815 2189 892 2234 Vs,
924 2190 986 2246 β’,
1033 2191 1060 2233 3
1103 2192 1156 2233 de
1198 2190 1465 2234 Pimmaom
1498 2192 1551 2234 ef.
1586 2193 1713 2237 Paus.

118 2270 164 2314 Π
198 2271 301 2324 1,,3.
333 2270 377 2327 2,
399 2273 437 2314 1.

888 2384 946 2428 H.

179 2508 290 2552 Bull.
326 2509 364 2551 d.
400 2507 446 2553 O.
481 2508 537 2552 H.
571 2508 648 2560 XI,
684 2509 784 2552 387.
819 2507 1123 2553 Stratoniceae.
1169 2508 1319 2552 Edidit
1351 2510 1402 2553 Gr.
1437 2509 1716 2567 Desehamps.

300 2589 378 2642 Ἐξ
406 2589 581 2644 ζακόρων
614 2588 777 2644 ζάκοροι·
811 2589 1056 2643 φιλότειμός
1090 2607 1135 2633 τε
1171 2592 1215 2633 ἐκ
1248 2593 1518 2645 φιλοτείμων,

301 2673 458 2716 Αἰνείου
490 2672 683 2725 μεγάλου
717 2673 786 2716 καὶ
819 2673 1053 2722 flavadum
1087 2674 1210 2727 φίλος
1245 2674 1326 2723 υἱός
1346 2709 1357 2731 ,

303 2755 398 2804 Ζηνὶ
431 2755 667 2809 πανημερίῳ
699 2755 844 2810 ὑπάτῳ
877 2755 1122 2807 μεγάθυμος
1158 2756 1300 2799 Ἰάσων
1332 2736 1334 2739 ¹

301 2835 480 2888 ἄμμιγα
512 2838 691 2891 Πυθιάνῃ
722 2837 1052 2891 περικαλλέιοτῇ
1086 2839 1328 2891 συνομεύνῳ.

244 2918 271 2962 5
304 2919 413 2962 ἑπτὰ
445 2917 516 2970 ἔτη
547 2920 779 2972 Φιλότειμοι
814 2919 1000 2972 Κομύρια.
1033 2919 1186 2971 θύματ’
1219 2919 1363 2976 ἔρεξεν,

305 3001 453 3048 δαῖτας
485 3000 575 3050 ἴσοις
610 3001 803 3055 παρέχων
835 3002 958 3050 Ζηνὸς
993 3001 1210 3052 βουλαῖσιν
1244 3002 1386 3045 Ἰάσων

305 3084 391 3135 σὺμ,
423 3085 544 3140 Φιλίῃ
576 3085 673 3139 τήθῃ
706 3086 774 3127 καὶ
809 3084 952 3137 μητέρι
987 3084 1055 3126 καὶ
1089 3086 1355 3140 συνομαίμῳ,
