2138 3580
943 330 1000 373 27

296 459 300 464 '
355 455 508 510 θνῄσκω
543 453 579 497 δ’
614 451 862 506 obenan-aim
895 452 1057 505 θανάτῳ
1091 452 1158 495 διὰ
1190 453 1261 502 τὴν
1294 450 1455 506 ἄλοχόν
1486 467 1565 503 μου

415 536 714 588 κλεψίγαμον,
746 534 913 590 μιεροὶν,
950 533 1082 585 {inore
1094 549 1113 587 ρ
1147 534 1164 575 ὃ
1199 532 1301 580 Ζεὺς
1334 532 1481 575 ὀλέσει.

352 617 511 667 ταύτης
546 617 630 670 γὰρ
662 616 822 667 adoptem
856 614 1050 667 γαμέτης
1084 615 1154 658 καὶ
1189 614 1311 665 ἐμὸν
1346 615 1461 666 γένος
1497 615 1681 667 αὐχῶν

390 695 528 749 Aa&
562 714 617 749 με
652 698 760 750 κάφ’
794 695 920 750 ὕψους
956 696 1227 747 δισκοβόλησε
1259 695 1354 739 νέον.

170 781 329 837 Recepi
361 779 622 823 verissimam
655 778 816 834 Eggeri
849 778 1157 820 correctionem
1188 791 1265 833 pro
1299 774 1343 822 ἣν
1376 777 1463 831 περὶ
1493 776 1595 824 Ζεὺς
1624 775 1773 828 ὀλέσει,

171 877 273 905 nam
305 860 567 914 περιολλύναι
602 859 807 903 Graecum
842 874 931 902 non
963 861 1028 901 est
1060 861 1102 906 et
1134 859 1378 902 absurdum.
1408 858 1614 902 Tironum
1630 861 1773 901 autem

173 943 313 1000 gratia
345 957 498 985 moneo
530 942 643 997 apud
674 941 887 997 sequiores
917 943 1065 997 poetas
1097 940 1124 994 ζ
1153 955 1277 996 saepe
1308 955 1397 983 non
1429 941 1567 983 facere
1593 940 1773 996 positio-

173 1039 294 1082 nem,
340 1039 424 1080 qua
465 1024 510 1066 in
543 1038 588 1066 re
620 1023 832 1066 Homerus
864 1023 1104 1079 praeiverat
1134 1023 1180 1064 in
1214 1022 1461 1064 nominibus
1494 1021 1696 1069 Ζάκυνθος
1730 1024 1773 1064 et

175 1107 341 1150 Ζέλεια.
384 1104 468 1148 Sed
511 1105 688 1147 omnino
732 1104 998 1160 repudianda
1040 1104 1208 1146 videtur
1254 1118 1381 1159 quam
1425 1104 1586 1159 recepit
1616 1103 1771 1145 Kaibel

170 1187 354 1231 Iacobsii
383 1187 628 1248 coniectura
661 1187 820 1239 αἰσχῶν
853 1200 933 1241 pro
964 1186 1120 1238 αὐχῶν,
1154 1185 1255 1240 quia
1286 1186 1453 1236 αἰσχεῖν
1488 1188 1582 1239 (pro
1615 1184 1771 1237 αἰσχύ-

171 1269 268 1324 νειν)
299 1282 534 1323 numquam
567 1266 779 1309 exstitisse
812 1267 1039 1309 contendo.
1091 1266 1246 1308 Procul
1279 1265 1410 1308 dubio
1443 1265 1675 1320 depravata
1707 1267 1772 1307 est

169 1349 376 1406 Hesychii
417 1349 560 1405 glossa
603 1347 868 1401 αἶσχέας·
913 1347 1149 1401 αἰσχύνας,
1196 1347 1284 1389 sive
1314 1347 1546 1402 legendum
1578 1348 1643 1389 est
1674 1361 1771 1389 cum

166 1431 362 1476 A1berffi0
410 1430 605 1484 αἴσχεος·
656 1430 860 1483 αἰσχύνης
911 1430 1025 1483 (0011.
1070 1429 1201 1472 Hom.
1246 1429 1297 1471 11.
1339 1428 1451 1471 xm
1493 1428 1625 1482 622),
1659 1410 1798 1481 sivos

166 1514 281 1572 quod
322 1513 410 1557 fere
450 1513 748 1570 praetulerim,
794 1511 1029 1565 αἴσχεα·
1075 1514 1308 1565 αἷσχύνας,
1339 1512 1437 1554 coll.
1473 1511 1525 1554 Il.
1560 1511 1623 1554 VI
1659 1511 1772 1563 351,

168 1596 271 1641 425.
304 1596 531 1640 Praeterea
562 1610 661 1639 vero
692 1595 744 1637 de
777 1594 965 1637 moechis
998 1609 1085 1637 non
1120 1595 1203 1637 dici
1235 1594 1342 1637 solet
1374 1594 1588 1646 αἰσχύνειν
1608 1593 1768 1646 γένος

170 1678 376 1727 alieuius,
411 1677 484 1720 sed
518 1677 700 1730 λέχος.
734 1677 779 1719 Is
798 1709 808 1728 ‚
835 1677 887 1719 de
913 1692 997 1733 quo
1025 1676 1094 1719 hic
1122 1677 1286 1732 agitur,
1311 1676 1514 1719 moechus
1530 1678 1622 1718 erat
1636 1676 1770 1718 inter-

168 1759 271 1803 fecti
311 1758 457 1802 mariti
498 1758 869 1814 consanguineus,
914 1772 999 1814 quo
1042 1757 1210 1813 turpius
1253 1760 1382 1813 atque
1424 1757 1642 1800 scelestius
1684 1757 1770 1801 fuit

168 1840 326 1898 duplex
357 1840 545 1884 hominis
576 1840 757 1883 facinus.
792 1839 867 1882 Vs.
902 1839 927 1881 5
963 1839 1059 1890 ἐμὸν
1093 1839 1190 1882 dedi
1221 1853 1299 1895 pro
1331 1839 1452 1890 ἀμόν.

169 2009 269 2063 192,
289 2010 329 2054 7.
349 2015 483 2061 Ξεῒνε,
517 2008 568 2051 σὺ
601 2008 636 2050 δ’
669 2008 862 2055 ἀείσας
894 2006 1132 2058 Δημοκλέος
1168 2007 1259 2050 υἱέα
1292 2006 1454 2061 χαίρειν

409 2090 662 2142 Δημοκλέα,
699 2090 883 2142 στείχοις
917 2089 1116 2141 ἀβλαβὲς
1151 2088 1263 2141 ἴχνος
1298 2086 1419 2141 ἔχων.

163 2173 318 2217 Kaibel
359 2172 589 2215 annotavit
629 2171 832 2223 melam,
871 2171 900 2214 i.
919 2186 960 2227 q.
1006 2170 1153 2222 εἴπας,
1199 2184 1309 2213 nove
1354 2170 1517 2212 dictum
1552 2171 1767 2215 videtur.”

165 2255 300 2298 Miror
324 2254 463 2298 virum
492 2253 814 2310 sagacissimum
842 2252 1131 2308 praeteriisse,
1163 2252 1370 2308 quidquid
1393 2253 1532 2294 exstet
1548 2252 1594 2294 in
1611 2252 1766 2308 lapide,

165 2336 368 2381 carminis
399 2338 513 2378 certe
545 2336 764 2377 auctorem
797 2333 1004 2377 voluisse:

353 2421 486 2468 Ξεῖνε,
521 2415 571 2458 σὺ
607 2415 642 2458 δ’
676 2415 891 2473 οὶ[πύ]σας
928 2416 1014 2458 κτὲ.

165 2501 196 2543 i.
215 2514 251 2543 e.
285 2515 438 2556 mayna
470 2513 558 2541 voce
590 2498 722 2541 valere
753 2498 903 2540 iubens.
939 2495 1004 2539 Cf.
1040 2496 1085 2539 II
1120 2496 1228 2548 690,
1265 2497 1305 2539 6.

169 2656 266 2712 198,
288 2656 327 2698 3.
347 2654 573 2705 Λαμπάδα
608 2655 692 2706 γὰρ
725 2654 831 2708 ζωᾶς
867 2655 1036 2707 δραμεῖν
1071 2655 1188 2706 μόνον
1224 2655 1342 2704 ἤθελε
1377 2655 1557 2707 δαίμων,

404 2735 471 2778 τὸν
505 2736 546 2778 δὲ
579 2735 755 2789 μακρὸΝ
791 2737 923 2790 γήρως
957 2738 1027 2779 οὐκ
1061 2738 1180 2778 ἐτίθει
1216 2738 1397 2789 δόλιχον.

163 2818 218 2862 In
258 2817 449 2873 eleganti
490 2818 799 2873 epigrammate
840 2818 1074 2861 offensione
1110 2833 1198 2861 non
1233 2822 1350 2861 caret
1384 2819 1540 2870 μακρὸν
1575 2818 1760 2871 δόλιχον,

165 2900 268 2956 quia
323 2899 488 2953 δόλιχος
545 2900 629 2943 iam
690 2899 906 2957 significat
958 2900 1129 2954 μακρός,
1179 2900 1329 2958 Longe
1376 2901 1571 2959 equidem
1619 2901 1767 2945 malim

167 2987 356 3036 μακροΤ.
