2138 3580
937 298 1023 342 153

488 435 706 478 numeros,
741 421 841 464 licet
873 421 1012 464 minus
1038 422 1181 465 faveat
1206 422 1441 465 sententiae
1469 422 1579 465 ratio
1593 454 1603 474 ,
1631 422 1774 465 existi-

469 506 594 547 ·mat.
634 503 753 546 Idem
797 502 869 554 ἐμί
904 503 1093 560 positum
1135 518 1224 546 esse
1267 518 1343 559 pro
1378 503 1483 554 ἐμμί
1513 503 1770 547 observavit.

487 583 596 628 Cum
639 600 699 628 vs.
734 585 761 628 2
805 587 1024 641 comparat
1063 584 1240 629 1.G.A.
1274 585 1362 628 229
1407 587 1450 628 et
1493 586 1594 628 343.
1635 585 1775 628 Seculi

491 666 559 710 Vti
594 667 719 710 initio
770 682 858 710 non
905 667 1034 723 longe
1080 667 1360 710 recentiorem
1409 682 1498 710 esse
1539 667 1714 710 titulum
1758 682 1780 710 e

490 748 731 791 litterarum
779 748 918 791 forma
966 749 1118 792 effecit.
1168 749 1336 792 Nomen
1382 748 1641 803 Πυρ(ρ)ιοέδης
1690 763 1780 791 non

499 830 630 873 habet
661 830 802 887 Pape,
836 831 908 873 sed
941 830 1191 887 Megarense
1224 831 1434 883 ΠυρρΙδης.

197 911 302 969 Pag.
324 911 406 956 121
426 914 480 956 ad
497 912 663 964 LXIX,
710 913 764 955 10
807 927 873 969 sq..
913 914 980 955 Ad
1018 912 1170 956 infelix
1202 903 1425 956 tentamen
1458 919 1681 956 πεταλῖτιν
1715 928 1781 956 me

498 994 622 1036 duxit
654 1008 833 1050 sequens
866 993 1069 1046 δρέψατο,
1098 996 1213 1050 quod
1241 995 1380 1051 ipsum
1409 997 1689 1051 depravatum
1717 995 1780 1037 vi-

495 1077 633 1119 detur.
667 1076 867 1126 Dixerat,
896 1077 980 1119 nisi
1006 1076 1155 1128 fallor,
1184 1075 1346 1119 Eunice
1373 1091 1417 1119 se
1445 1092 1532 1119 una
1559 1060 1780 1119 cum'duo-

496 1157 577 1201 bus
619 1158 704 1202 suis
745 1158 950 1201 fratribus
987 1157 1146 1201 Glauco
1179 1165 1222 1201 et
1254 1158 1524 1202 Callaeschro
1557 1159 1779 1216 (minore),

492 1240 693 1283 defuncto
735 1243 784 1283 ut
824 1242 930 1297 puto
970 1243 1097 1296 patre
1142 1239 1409 1284 Callaeschro
1425 1273 1434 1290 ‚
1487 1241 1541 1283 ab
1582 1255 1662 1284 avo
1705 1255 1781 1283 suo

493 1323 675 1377 paterno
707 1321 826 1364 Zo'ilo
858 1323 1080 1364 educatam
1112 1321 1253 1364 fuisse.
1282 1321 1405 1372 Quod
1437 1322 1473 1365 si
1503 1324 1618 1365 recte
1644 1322 1781 1378 suspi-

495 1417 591 1456 cor,
622 1418 702 1447 vss.
732 1404 758 1446 8
777 1418 868 1460 sqq.
886 1404 932 1445 in
949 1403 1065 1446 hunc
1081 1403 1166 1447 fere
1184 1405 1358 1446 modurn
1375 1404 1629 1447 restituendi
1654 1406 1780 1447 sunt:

701 1510 755 1517 -
789 1485 964 1533 πάππος
998 1484 1031 1527 δ’
1065 1485 1130 1538 ἄρ’
1164 1485 1275 1535 ἐμεῖο
1307 1487 1432 1529 πέλεν
1466 1486 1634 1537 θεοειδὴς

547 1567 722 1617 Ζώἵλος,
758 1563 799 1614 ὃς
832 1566 946 1614 δοιοῖς
981 1567 1097 1624 [σὺ]ν
1132 1566 1367 1621 ἀδελφειοῖς
1401 1567 1680 1624 Φρονίμοισιν,

552 1648 607 1702 τῷ
639 1648 715 1700 μὲν
747 1649 823 1692 ἀπ’
857 1647 944 1706 (gvr‘
959 1651 996 1705 1²)
1029 1649 1273 1701 αἰγλήεντος
1307 1650 1530 1703 ἀνακτόρου
1562 1649 1782 1703 ἱεροφάντῃ

549 1729 751 1783 Γλαύκῳ,
795 1731 904 1785 drap
937 1731 1083 1784 σοφίης
1119 1733 1285 1784 ἡγήτορι
1318 1733 1476 1788 τήν[δ]ε
1510 1732 1691 1789 musta
1725 1748 1779 1783 με

551 1811 770 1869 [θ]ρέψοιτο
805 1815 1090 1868 Καλλαίσχρῳ
1124 1814 1372 1870 reptandum.
1407 1815 1494 1857 κτὲ.

493 1892 532 1936 Ε
575 1894 739 1937 duobus
781 1894 1012 1951 epitaphiis
1055 1895 1246 1939 Eunicae
1291 1897 1409 1939 aviae
1452 1899 1495 1939 et
1527 1897 1669 1953 neptis
1700 1896 1781 1939 hoc

492 1978 673 2019 stemma
706 1976 813 2020 effici
846 1979 1015 2033 potest:
1047 1977 1213 2029 Imeus,
1242 1979 1316 2034 qui
1332 1978 1572 2035 imperante
1588 1978 1781 2021 Adriano

495 2057 696 2110 (Athenis
710 2059 750 2113 P)
793 2058 1050 2102 rhetoricam
1094 2059 1265 2115 publice
1296 2060 1499 2112 docebat,
1535 2060 1671 2103 filium
1703 2061 1782 2103 ha-

494 2139 589 2182 buit
620 2140 920 2196 cognominem
954 2141 1029 2198 (68
1047 2174 1058 2193 ‚
1095 2142 1153 2196 7),
1186 2142 1261 2198 qui
1290 2157 1466 2185 uxorem
1499 2143 1620 2186 duxit
1646 2143 1781 2186 Isido—

496 2224 572 2264 ten
615 2221 774 2264 dictam
816 2222 867 2265 de
911 2223 1087 2266 nomine
1130 2223 1236 2266 Isaei
1278 2224 1554 2270 celeberrimo
1594 2239 1646 2268 ex
1677 2225 1783 2268 Asia

497 2302 666 2346 rhetore
707 2304 791 2356 69,
820 2305 861 2356 6,
912 2319 1038 2361 quem
1085 2307 1262 2362 propter
1304 2321 1368 2362 ep.
1414 2307 1495 2357 68,
1525 2306 1551 2349 2
1586 2322 1677 2363 sqq.
1726 2307 1781 2350 ab

498 2384 574 2427 illo
626 2399 715 2428 non
768 2386 1121 2442 distinguendum
1173 2402 1262 2430 esse
1304 2388 1542 2444 suspiceris.
1590 2387 1656 2431 Ex
1699 2389 1779 2432 hoc

498 2467 773 2510 matrimonio
806 2470 909 2510 nata
940 2470 1005 2511 est
1035 2468 1199 2512 Eunice
1232 2470 1388 2522 maior,
1424 2485 1531 2526 quae
1562 2471 1608 2513 in
1641 2470 1781 2527 priore

496 2548 715 2605 epitaphio
748 2549 997 2593 celebratur.
1033 2550 1173 2594 Huius
1202 2554 1345 2594 autem
1374 2552 1463 2594 filia
1490 2552 1642 2594 Thalia
1669 2567 1781 2609 nup-

487 2631 545 2674 sit
587 2629 883 2684 Callaeschro‚
916 2632 1025 2674 Zo'ili
1058 2633 1172 2685 filio,
1206 2633 1281 2690 qui
1313 2636 1400 2676 tres
1432 2633 1613 2686 liberos,
1647 2633 1781 2677 filiam

483 2711 679 2756 Eunicen
721 2713 927 2757 minorem
972 2716 1016 2757 et
1059 2715 1164 2758 duos
1206 2715 1317 2758 filios
1360 2715 1572 2759 Glaucum
1606 2718 1650 2758 et
1681 2715 1780 2760 Gal-

494 2794 733 2838 laeschrum
780 2810 832 2838 ex
880 2811 928 2839 ea
977 2797 1215 2853 procrevit,
1265 2798 1339 2853 qui
1386 2797 1532 2854 liberi,
1582 2798 1618 2840 si
1666 2801 1780 2840 recte

500 2877 682 2928 conieci,
715 2877 769 2919 ab
801 2892 882 2921 avo
910 2879 1079 2921 educati
1111 2881 1226 2922 sunt.

233 2975 254 3000 2
296 2959 383 3002 133
428 2976 450 3000 ι
504 2958 766 3009 LXXXIX,
804 2961 872 3003 13.
910 2960 975 3003 De
1006 2960 1140 3004 Tarso
1175 2961 1228 3005 cf.
1257 2961 1411 3005 Strabo
1447 2961 1553 3004 XIV
1590 2961 1641 3018 5,
1679 2961 1750 3005 13.
