2138 3580
911 305 961 348 15

130 429 333 485 Glauciae
344 429 423 472 filii
440 443 596 472 nomen
611 428 655 471 in
672 428 913 471 accusativo
931 427 1065 470 celare
1082 426 1346 470 crediderim.
1369 425 1588 469 Ariolaizus
1604 440 1720 470 sum:

313 510 516 554 Γλαυκίου
549 505 601 552 υἷ’
634 509 834 563 Ἀ[ρ]ιή[ν]
867 508 1047 560 δεύτερον
1082 507 1170 562 [ἤδη
1204 506 1309 560 ἔχει.

131 574 254 645 Quod
283 592 321 636 si
351 607 440 636 non
470 591 626 635 suffieih
639 623 649 642 ,
683 591 864 634 certiora
896 594 1074 646 quaerat
1103 590 1226 634 alius.

132 751 234 810 219,
257 754 478 805 1.Σχῆμα
510 748 595 793 τόδ’
631 749 826 803 Ἑρμείαο
860 749 930 792 καὶ
965 749 1180 795 εἰκόνας
1214 749 1448 802 Ἡλιοδώρου
1482 748 1567 790 κτὲ.

133 834 260 878 Metti
299 834 441 891 gratia
486 833 695 890 pluralem
735 831 851 874 ‘uituli
883 833 1030 874 auctor
1062 845 1139 887 pro
1172 831 1387 887 singulari
1421 830 1616 873 Kaibelio
1647 846 1725 887 po—

134 916 267 960 suisse
311 915 491 959 videizur.
538 913 804 970 Quamquam
850 916 1032 955 metrum
1078 914 1179 955 ante
1228 926 1446 955 caesuram
1492 912 1726 956 bucolieam

134 997 301 1041 hiaizum
332 1011 422 1040 non
452 997 627 1053 respuit.
662 995 744 1039 Sed
776 995 829 1038 cf.
862 994 908 1037 II
942 995 1043 1046 616,
1063 996 1104 1037 4.

135 1166 240 1219 223,
256 1167 298 1211 4.
316 1166 518 1220 Ἑρμάωνι
551 1166 622 1218 θεῷ
655 1181 686 1207 π
699 1174 725 1206 λ
738 1180 756 1206 ε
767 1170 781 1206 ἱ
792 1180 810 1206 ο
823 1180 842 1205 ν
874 1163 1174 1214 ἀγαλλόμενοι.

135 1247 292 1292 Utrum
339 1247 421 1290 hoc
466 1262 523 1290 an
569 1246 718 1288 melior
763 1245 889 1288 leebio
933 1261 964 1286 π
976 1255 1000 1287 λ
1014 1263 1032 1288 ε
1045 1250 1064 1286 T
1075 1246 1119 1301 [σ
1133 1247 1176 1300 τ]
1187 1261 1205 1287 ο
1218 1261 1237 1286 ν
1270 1246 1334 1287 est
1366 1246 1412 1287 in
1443 1246 1584 1302 lapide
1595 1248 1615 1289 ⁸?
1647 1246 1729 1291 Sed

134 1330 191 1374 ef.
222 1329 268 1372 H
302 1329 403 1382 205,
423 1331 463 1374 3.

140 1487 244 1542 224,
262 1487 302 1532 3.
321 1487 500 1540 τοῦνομα
534 1486 718 1539 σιγασθω
737 1502 745 1512 ·
781 1487 890 1529 τοῦτ’
922 1487 1344 1541 ἀποκληζομένη
1360 1520 1370 1539 ,

321 1567 416 1613 εὖτέ
447 1586 502 1620 με
532 1569 783 1623 Κεκροπίδας
817 1574 921 1618 Δηοῖ
949 1569 1069 1611 θέσαν
1101 1568 1357 1622 ἱεροφαντιν,

323 1653 431 1702 αὕτη
462 1651 769 1704 ὦμαιμακέτοις
800 1652 1197 1705 ε’γκατέκρυψα
1223 1652 1413 1703 βυθοῖς.

143 1733 347 1778 Notanda
385 1734 489 1777 satis
526 1734 704 1790 antiqua
735 1733 926 1776 confusio
960 1734 1183 1777 verborum
1216 1734 1355 1788 κλῄειν
1386 1736 1430 1776 ess
1461 1733 1648 1790 κλῄζειν,
1682 1736 1734 1779 de

141 1830 226 1873 qua
263 1815 317 1860 ef.
358 1814 548 1858 Dindorf
582 1815 629 1857 in
665 1814 872 1871 Stephani
905 1815 1102 1858 thesauro
1133 1830 1166 1859 s.
1184 1831 1224 1860 V.
1258 1815 1491 1870 ἀποκλῄζω.
1539 1818 1607 1860 Ad
1641 1833 1734 1874 my-

140 1897 293 1940 sticam
323 1896 436 1940 hanc
467 1897 652 1939 nominis
682 1897 848 1939 celandi
880 1897 1017 1953 legem
1049 1897 1228 1953 dignum
1261 1900 1327 1941 est
1357 1899 1469 1954 quod
1488 1899 1734 1942 conferatur

141 1978 406 2036 epigramma
437 1978 504 2021 III
538 1978 622 2021 115
640 1979 663 2021 b
694 1977 859 2035 (Add.)‚
892 1978 965 2021 ubi
997 1994 1057 2021 vs.
1076 1978 1102 2020 5
1135 1994 1227 2035 sqq.
1260 1979 1444 2036 legitur:

326 2061 498 2112 Οὔνομα
531 2057 682 2107 δ’δ’στις
714 2061 795 2107 ἐγὼ
829 2061 887 2110 μὴ
918 2060 1021 2114 δίζεο
1041 2075 1050 2085 ·
1085 2061 1229 2112 θεσμὸς
1265 2063 1410 2111 ἐκεῖνος

321 2143 517 2194 μυστικὸς
548 2141 675 2197 ᾤχετ’
704 2143 817 2194 ἄγων
852 2143 927 2191 εἷς
961 2140 1072 2186 ἅλα
1105 2145 1438 2197 πορφυρέην·

321 2224 422 2267 ἀλλ’
454 2221 553 2267 ὅταν
586 2225 642 2273 εἰς
675 2223 871 2277 μακάρων
904 2225 1002 2267 ἔλθω
1036 2225 1105 2267 καὶ
1141 2225 1338 2278 μόρσιμον
1371 2222 1505 2284 ἦμαρ,

321 2305 502 2358 λέξουσιν
534 2306 629 2349 τότε
662 2306 707 2355 δη
742 2305 896 2354 πάντες
929 2303 1034 2352 ὅσοις
1066 2305 1266 2357 μέλομαι.

139 2387 244 2431 Post
282 2390 463 2431 mortem
510 2389 653 2430 autem
699 2387 778 2430 filii
820 2402 978 2430 nomen
1018 2389 1236 2444 evulgant.
1282 2388 1577 2446 Subscriplzum
1622 2391 1734 2434 enim

139 2468 345 2527 legimus:

324 2554 411 2594 Νῦν
443 2550 515 2601 ἤδη
549 2551 697 2598 παῖδες
730 2553 879 2594 κλυτὸν
912 2550 1038 2602 ὄνομα
1070 2534 1227 2605 πατρὸς,
1258 2553 1424 2606 ἀρίστου

323 2632 541 2685 Φαίνομεν,
573 2631 591 2675 ὃ
626 2632 721 2686 ζωὸς
755 2633 955 2686 κρύψεν
987 2634 1116 2680 ἁλὸς
1151 2634 1433 2692 πελα[γει.

323 2711 436 2763 οὗτος
469 2700 742 2762 Ἀπολλῶνιος
774 2715 984 2767 ἀοίδιμος,
1017 2713 1058 2758 ὃν
1091 2721 1126 2769 Φ
1147 2749 1308 2760 ......

323 2797 514 2847 σημαίνει
547 2796 727 2848 μύσταις
762 2796 913 2848 οὔνομα
948 2797 1124 2855 πατ[ρο’ς
1144 2832 1154 2843 .
1176 2833 1185 2843 .
1221 2799 1304 2843 κτὲ.

142 2877 230 2923 Ubi
261 2893 348 2922 non
381 2879 531 2922 dubito
563 2880 665 2935 quin
700 2880 905 2922 traditum
938 2887 1097 2924 HEAA
1116 2916 1125 2924 .
1146 2915 1155 2925 .
1176 2913 1186 2922 .
1218 2884 1331 2925 reete
1357 2883 1640 2940 expleverim,
1666 2887 1738 2929 sed

141 2959 292 3004 dubiizo
338 2975 395 3003 an
434 2974 510 3016 pro
558 2961 707 3015 κρύψεν
751 2961 899 3003 melius
940 2962 1153 3004 scribatur
1186 2964 1309 3016 κρύψ’
1343 2965 1397 3007 ἐν.
1432 2966 1614 3023 Reliqua
1646 2981 1738 3010 non

143 3041 334 3098 expedio.
368 3041 443 3084 Vs.
478 3043 504 3085 3
535 3058 590 3084 an
622 3043 892 3099 φ[ιλιόισιν]ῗ
