2138 3580
1164 341 1221 383 42

408 460 506 517 420,
527 461 567 503 2.
586 465 699 508 νῆσον
731 475 808 516 pro
840 462 978 509 νήσους
1013 462 1205 515 μακάρων
1237 477 1451 518 perrarum
1485 463 1561 505 est.
1589 460 1654 505 Of.
1683 460 1976 519 255b(add.).

407 540 524 584 Alibi
565 545 627 584 est
666 541 864 597 pluralis,
898 545 946 584 ut
977 542 1061 584 461
1078 573 1088 593 ,
1122 542 1174 593 2;
1206 544 1316 594 486,
1348 544 1397 598 9,
1426 543 1553 598 alias,
1587 545 1638 585 ut
1667 557 1831 599 semper
1865 542 1979 598 apud

405 623 615 678 antiquos.
650 622 759 665 Nam
793 623 904 678 apud
937 623 1169 666 Pindarum
1202 623 1250 667 Ο.
1280 611 1328 666 ΙΙ
1365 625 1418 666 78
1451 623 1568 670 νάσος
1605 639 1652 661 =
1687 624 1829 671 νασους
1862 622 1978 666 vide-

406 706 478 746 tur
517 704 653 746 verior
694 704 840 754 lecizio,
883 706 932 746 ut
973 705 1098 746 etiam
1130 704 1287 749 Herod.
1320 705 1413 760 III,
1445 705 1524 755 26,
1556 704 1627 747 ubi
1661 703 1809 746 similis
1839 705 1904 746 est
1932 703 1980 746 in

407 783 526 827 libris
567 785 761 827 varietas.
806 784 879 827 Vs.
924 786 977 836 4,
1019 799 1144 841 quem
1187 786 1296 828 male
1327 786 1455 828 vertit
1485 785 1686 841 Cougny,
1725 784 1980 834 ἔπ’-νέμων

407 866 561 908 bmesin
595 865 730 908 facere
761 866 1035 909 manifestum
1068 870 1144 909 est.
1940 857 1944 862 ⁴

453 1003 552 1046 421.
586 1002 680 1045 Hoc
714 1002 976 1058 epitaphium
1008 1003 1203 1057 lapidarii
1234 1017 1371 1046 errore
1402 1003 1617 1045 ‘autharum
1650 1017 1737 1045 esse
1768 1002 1978 1058 suspicor,

408 1084 498 1134 cui,
533 1084 579 1125 ni
611 1083 756 1133 fallor,
791 1083 845 1124 ab
877 1086 1048 1125 auctore
1081 1083 1227 1125 datum
1259 1082 1341 1125 fuit
1372 1083 1452 1124 hoc
1484 1082 1718 1138 exemplar:

501 1165 522 1206 1
587 1164 754 1207 Ἐνθοὶδε
785 1169 925 1214 κεῖμαι
960 1165 1034 1220 (sc.
1053 1170 1169 1216 κεῖμε
1183 1166 1212 1221 1)
1243 1165 1381 1217 δάμαρ
1416 1163 1572 1206 ὑπάτου
1603 1163 1720 1216 ἥρωος
1752 1165 1927 1216 ἀγαυοῦ,

501 1244 529 1287 2
592 1246 746 1299 Ἀρρίου
779 1261 845 1296 μοι
879 1245 1043 1300 φιλίου,
1078 1246 1133 1299 τῷ
1165 1246 1206 1288 δὲ
1239 1251 1429 1297 γαμεῒσα
1461 1244 1590 1297 μόνῳ,

498 1326 523 1369 5
587 1327 734 1382 Χηρεία
766 1329 805 1368 τ’
837 1328 942 1376 αὐτη
975 1327 1042 1369 τὸν
1074 1325 1245 1370 ἅπαντα
1275 1326 1413 1380 χρόνον
1444 1328 1645 1383 μείνασα,

500 1410 526 1451 6
589 1409 822 1461 κώκυμόρων
854 1409 1000 1451 τεκέων
1033 1410 1167 1452 πένθεϊ
1197 1409 1412 1459 τακομένη.

501 1491 526 1532 3
581 1486 672 1531 ἴΗν
705 1488 742 1531 δ’
778 1490 831 1532 ἐκ
865 1490 960 1539 μὲν
993 1489 1193 1541 προγόνων
1226 1490 1321 1531 ποτὲ
1356 1488 1534 1540 τοῦνομα
1566 1488 1805 1540 Πουβλιανή
1839 1503 1940 1545 μου,

500 1572 528 1613 4
591 1571 815 1613 Σκιπιοέδαι
850 1570 885 1613 δ’
919 1570 1090 1626 ἔπελοι,
1123 1571 1282 1625 εὐγενίη
1314 1570 1347 1613 δ’
1381 1569 1574 1624 ἔπρεπον·

502 1652 526 1694 7
590 1653 660 1694 Ἐν
690 1651 814 1704 βιότῳ
848 1651 888 1693 δὲ
920 1651 1035 1694 πόνον
1069 1652 1222 1694 πουλύν
1253 1651 1297 1703 γ’
1330 1652 1565 1699 ανέτλην
1597 1650 1830 1701 μογέουσα,

502 1733 526 1775 8
589 1732 818 1775 Μούσαισιν
851 1735 992 1781 μοῦνον
1025 1733 1097 1780 τὴν
1130 1733 1260 1786 φρένα
1293 1733 1529 1783 θελγομένη.

409 1812 669 1868 Transposui
712 1812 884 1855 tertium
931 1812 1142 1855 distichon
1174 1816 1273 1855 ante
1303 1815 1557 1863 secundum,
1590 1812 1832 1868 cor-rexique
1863 1826 1922 1854 vs.
1957 1813 1984 1854 3

412 1896 455 1936 eb
498 1894 521 1936 7
554 1892 662 1935 male
693 1907 818 1935 sanas
851 1892 1081 1948 scripturas
1114 1891 1156 1942 ἦν
1189 1894 1230 1936 δέ
1262 1911 1327 1935 κεν
1362 1894 1406 1935 ἐκ
1439 1894 1566 1950 (hanc
1597 1908 1692 1935 cum
1725 1892 1910 1950 Piccolo)
1940 1895 1983 1935 et

410 1974 444 2016 δ’
474 1974 660 2023 ανέτλην.
694 1997 748 2004 -—
782 1973 881 2016 Vid.
915 1973 1089 2029 Kaibel‚
1124 1990 1166 2030 p.
1201 1974 1302 2017 274.

456 2109 558 2153 429.
593 2108 640 2152 ‘T
655 2109 754 2152 στα
769 2125 848 2152 ‘rto
862 2126 880 2151 ν
909 2109 1118 2164 Γενέτειρα
1152 2111 1276 2163 φίλου
1308 2098 1546 2162 μεμνημένη
1580 2110 1716 2163 ἀνδρὸς
1731 2112 1742 2119 “

593 2191 754 2234 δεικνύω
788 2188 962 2244 ἀλόχοις
999 2190 1095 2239 ἤθεα
1129 2191 1400 2245 σωφροσύνης.

412 2272 525 2328 Lege
580 2274 627 2315 ‘T
641 2288 663 2314 σ
677 2289 702 2313 τ
715 2288 743 2313 α
756 2287 780 2312 τ
793 2271 834 2313 ίο
848 2287 869 2312 υ
883 2305 893 2325 ,
952 2272 1065 2327 quod
1112 2287 1267 2314 nomen
1314 2273 1530 2328 proprium
1577 2286 1665 2315 esse
1706 2271 1894 2326 videtur,
1937 2273 1987 2313 ut

414 2359 450 2396 Π
465 2369 483 2406 ρ
497 2357 523 2395 ὦ
535 2369 561 2395 τ
573 2369 590 2395 ο
603 2368 636 2398 ς.

415 2478 706 2530 445,5.Τοῖος
739 2480 773 2522 δ’
805 2477 849 2528 ἦν
879 2479 1084 2531 γεγονώς,
1119 2475 1195 2526 οἷός
1228 2481 1319 2521 ποτ’
1353 2477 1549 2531 ἔφυσεν
1576 2478 1776 2529 Ἴακχος,

596 2559 618 2609 ἢ
651 2559 795 2612 θρασὺς
830 2559 1027 2609 Αἰακίδης
1059 2560 1080 2608 ἢ
1115 2559 1240 2606 καλὸς
1274 2559 1507 2610 Ἐνδυμίων.

415 2639 663 2683 Notandum
696 2640 844 2694 ἔφυσεν
876 2641 1053 2696 pessime
1083 2641 1243 2682 dichum
1274 2654 1350 2696 pro
1381 2632 1484 2692 ἔφυς
1516 2639 1672 2682 frusizra
1702 2638 1851 2681 saltem
1883 2637 1990 2680 Ellis

415 2720 511 2768 οἵους
540 2721 766 2764 coniecisse
797 2722 964 2764 videtur
980 2753 990 2772 ,
1023 2721 1227 2776 siquidem
1261 2723 1427 2763 constat
1452 2721 1504 2762 de
1520 2718 1834 2775 pulchritudine
1849 2717 1991 2761 Iacchi

411 2802 693 2857 Endymionis
717 2804 759 2844 et
774 2802 955 2844 Achillis
970 2833 980 2853 ,
998 2801 1106 2843 nihil
1124 2816 1223 2843 vero
1242 2802 1437 2843 novimus
1454 2787 1504 2843 de
1520 2801 1656 2842 forma
1672 2800 1823 2842 horum
1839 2799 1984 2854 prolis,

416 2885 464 2925 ui,
493 2885 654 2924 taceam
687 2882 969 2937 Endymionis
1003 2883 1170 2923 tantum
1202 2881 1310 2924 filias
1343 2880 1660 2923 commemorari
1685 2880 1731 2921 in
1760 2878 1926 2921 fabulis.
1945 2877 1990 2922 Si

414 2963 516 3018 quid
560 2964 809 3004 muhandum
827 2994 836 3012 ,
880 2963 1007 3016 longe
1050 2962 1198 3003 melius
1241 2976 1333 3003 cum
1373 2961 1571 3004 Jacobsio
1613 2960 1870 3014 corrigemus
1912 2955 1987 3005 οἷός

419 3059 541 3093 ποτε,
587 3042 782 3098 φασίν,
822 3043 1021 3094 Ἴακχος,
1066 3042 1180 3097 quod
1221 3042 1306 3084 fere
1350 3042 1490 3084 nescio
1523 3056 1578 3082 an
1611 3054 1755 3082 verum
1786 3039 1853 3081 sit.
1887 3039 1990 3093 Vol-
