2138 3580
1213 354 1269 396 14

454 475 616 528 »φίλλῃ
649 506 659 517 .
679 487 688 516 :
709 507 718 516 .
740 509 748 518 .
769 507 778 516 .
812 475 884 517 σὺν
927 474 1136 527 Λογγίνῃ,
1180 475 1253 517 ubi
1292 475 1478 518 indicare
1509 475 1690 531 videtur,
1724 490 1808 532 quo
1840 477 1908 520 die
1936 491 2023 531 una

453 570 577 598 »cum
618 569 748 597 uxoro
790 553 946 596 Rufina
961 586 971 605 ,
1016 567 1100 609 quo
1141 554 1208 596 die
1241 569 1335 597 cum
1367 555 1508 597 liberis
1541 555 1731 606 affuerit3
1764 555 1865 599 hinc
1895 571 1957 600 vn.
1996 557 2024 600 9

451 635 747 687 »ἀμοιβαδίς”.
780 633 839 677 At
870 634 1020 677 Kaibel
1052 648 1128 690 pro
1161 634 1226 676 his
1257 634 1372 677 dedit
1398 636 1602 691 εὐτυχῶ[ς
1633 636 1880 691 Ῥ]ουφ1λλη
1910 635 2020 693 [zap

452 716 716 772 Λονγείν[η],
745 730 879 771 neque
903 715 1034 770 igitur
1060 714 1228 757 Franzii
1244 716 1423 771 suspicio
1439 718 1501 758 est
1518 716 1641 758 unius
1658 716 1774 759 assis.
1793 716 2026 760 Praeterea

452 796 675 848 ἀμοιβαδίς
695 795 854 839 Graeca
870 810 956 838 non
973 798 1133 853 saepius
1148 796 1383 851 significat,
1402 797 1471 838 sed
1490 797 1749 849 alternatim,
1769 797 1837 840 cui
1853 797 2021 841 notioni

452 881 595 934 aperte
624 878 739 920 locus
772 891 859 919 non
889 881 965 920 est.
1000 877 1117 919 Dixit
1147 891 1244 919 vero
1277 877 1489 920 Gemellus
1522 878 1687 920 disertis
1720 878 1858 921 verbis
1886 893 1949 922 vs.
1982 878 2031 923 4:

634 958 716 1010 δι’ς,
750 959 908 1010 δαῖμον,
942 962 1013 1000 τεῦ
1034 939 1233 1000 ’ἔσέκλυον
1267 959 1528 1007 αὐδήσαντος.

455 1042 497 1082 et
523 1054 583 1083 vs.
618 1040 644 1081 9
677 1039 845 1095 scripsit
874 1038 1022 1094 procul
1053 1039 1204 1081 dubio:

541 1123 678 1162 ταῦτα
697 1119 731 1161 δ’
749 1118 907 1172 ἔγραψε
925 1119 1131 1170 Γέμελλος
1159 1120 1232 1169 ἀμ
1246 1134 1263 1161 ο
1278 1119 1331 1169 ιβ
1344 1119 1395 1169 02,
1423 1119 1445 1161 δ
1458 1119 1470 1160 i
1485 1136 1504 1165 ς
1532 1118 1663 1161 ἐνθάδ’
1680 1120 1852 1164 ἀνελθὼν
1877 1121 1962 1163 κτὲ.

451 1202 480 1243 i.
499 1216 533 1244 e.
568 1202 661 1243 haec
690 1202 853 1258 scripsit
889 1199 1089 1243 Gemellus
1118 1202 1300 1256 qratiam
1332 1202 1550 1257 rependens
1581 1199 1818 1252 (Memnoni
1849 1214 1927 1256 pro
1959 1200 2024 1243 bis

454 1283 605 1324 emissa
631 1296 731 1325 voce
744 1314 755 1336 ,
782 1296 888 1337 quac
903 1281 1038 1323 rarius
1055 1281 1343 1337 audiebatur),
1363 1282 1422 1323 bis
1441 1281 1516 1324 huc
1533 1283 1606 1338 qui
1620 1286 1726 1324 venit
1741 1298 1831 1325 cum
1849 1297 1976 1326 uxore
1989 1290 2028 1325 et

454 1364 601 1406 liberis.
630 1362 852 1406 caesuram
880 1364 976 1417 post
1003 1364 1200 1417 quartum
1226 1361 1471 1403 trochaeum
1487 1376 1661 1418 eamque
1676 1363 2026 1419 interpunctione

455 1443 721 1486 deterrimam
749 1443 968 1486 obvertere
995 1443 1098 1484 mihi
1129 1443 1229 1485 noli.
1255 1442 1461 1484 Pessimus
1488 1442 1569 1485 fuit
1600 1442 1813 1486 Gemellus
1842 1445 1968 1499 poeta
1983 1445 2026 1486 et

455 1525 685 1567 Romanus.

513 1681 613 1732 214,
633 1680 672 1722 5.
707 1680 791 1723 Vix
822 1683 935 1723 recte
966 1681 1181 1736 supplevit
1213 1679 1407 1724 Curtius:

633 1764 735 1804 πᾶσι
766 1763 850 1814 γὰρ
884 1765 938 1815 [ἐν
968 1761 1191 1818 τεκέ]εσσιν
1226 1763 1334 1812 ἐμοῖς
1368 1762 1641 1818 ανα[Φ]ανδὸν
1672 1761 1846 1811 ἐπέστης

631 1845 700 1885 οὐκ
733 1842 848 1894 ὄναρ,
883 1843 1000 1886 ἀλλὰ
1037 1843 1182 1894 μέσους
1215 1844 1371 1893 ἤματος
1405 1843 1520 1896 ἀμφὶ
1554 1843 1730 1895 δρόμους.

451 1924 608 1966 Mnem.
645 1924 781 1975 1882,
818 1925 904 1966 304
935 1924 1161 1980 proposui:

631 2008 734 2046 πᾶσι
767 2005 848 2057 γὰρ
883 2006 1162 2062 [ε’γγενέ]εσσι
1194 2006 1278 2048 κτὲ.

514 2151 614 2194 216.
646 2151 741 2193 Hoc
772 2151 1033 2207 epigramma
1063 2152 1218 2207 partim
1251 2152 1310 2194 sic
1341 2151 1500 2207 expleri
1530 2153 1692 2207 potest:

631 2232 710 2274 Καὶ
743 2231 847 2274 τὸνδ’
881 2232 1041 2281 ἠλύσιός
1075 2249 1119 2274 τε
1152 2233 1270 2282 δόμος
1305 2233 1372 2274 καὶ
1408 2233 1556 2288 χῶ[ρος
1590 2230 1746 2278 ἄλυπος

633 2313 835 2354 Γλαυκίου
868 2309 937 2354 υἷα
970 2318 1092 2363 μιῆς
1112 2314 1168 2368 (Ρ)
1199 2312 1379 2364 δεύτερον
1414 2313 1489 2368 [Lu
1512 2310 1608 2365 ,ἔχει
1627 2343 1638 2364 ,

635 2393 756 2441 Ζηνὸς
789 2392 842 2434 ἐνὶ
877 2393 1108 2446 προύχοντα
1138 2394 1386 2447 χοροστασίῃ
1420 2393 1507 2449 [καὶ
1538 2408 1681 2436 nomen
1702 2394 1861 2450 fratris

633 2474 967 2526 αὐτοκασιγνήτῳ
996 2472 1205 2526 ξύνδρομον
1243 2473 1300 2530 [ἐν
1332 2473 1482 2526 σταδίῳ
1514 2488 1544 2515 s.
1580 2472 1772 2519 σταδίοις.

632 2555 757 2597 Ἀλλ’
790 2553 850 2596 ἔτι
882 2555 951 2597 καὶ
985 2556 1039 2608 τῷ
1072 2559 1196 2602 στῆσε
1231 2555 1347 2601 πόλις
1379 2554 1488 2611 τόδ[ε
1520 2554 1645 2596 καλὸν
1676 2552 1863 2606 ἄγαλμα

634 2635 768 2677 λάινον
800 2636 1044 2686 ἀτμήτου
1078 2638 1200 2685 σῶμα
1232 2637 1272 2677 θε
1292 2667 1451 2678 ......

455 2715 618 2758 Ultimo
660 2730 782 2758 versu
823 2697 927 2771 quin
959 2716 1037 2758 sub
1068 2717 1254 2765 ἀτμήτου
1286 2716 1504 2758 delitescat
1536 2716 1723 2766 ἀκμήτου
1756 2715 1825 2758 vix
1855 2714 2027 2770 dubito,

455 2796 721 2839 referendum
767 2798 820 2838 ad
867 2797 947 2838 viri
987 2797 1209 2852 virtutem,
1257 2797 1374 2839 cuius
1414 2796 1574 2839 mentio
1605 2811 1630 2838 a
1659 2796 1744 2839 fine
1774 2795 1912 2852 periit.
1945 2795 2027 2838 Sed

457 2877 770 2933 θε[οφροσύνης],
802 2877 914 2932 quod
947 2876 1083 2918 solum
1115 2877 1365 2919 vocabulum
1394 2877 1452 2919 sic
1478 2876 1646 2918 ordiens
1663 2890 1858 2918 numeros
1874 2875 2028 2932 explet,

457 2957 527 2998 vix
575 2958 676 3000 satis
718 2960 864 3013 aptum
896 2957 1074 2998 videtur.
1123 2957 1223 2999 Non
1267 2957 1398 3012 magis
1440 2959 1554 2999 certa
1592 2957 1834 2999 coniectura
1864 2956 2024 3012 reperio

453 3037 555 3092 quid
583 3053 642 3081 vs.
677 3038 703 3080 2
736 3038 867 3079 lateat
896 3038 973 3079 sub
1007 3043 1154 3080 ΜΙΗΣ
1180 3039 1266 3080 sive
1301 3044 1495 3087 ΑΜΙΗΣ,
1529 3052 1632 3093 quas
1661 3037 1822 3080 litteras
1850 3037 2020 3093 alterius
