2138 3580
1174 334 1259 378 136

418 453 635 508 egregium
668 452 929 495 honorantes
944 485 954 504 ‚
987 453 1099 495 113116
1141 456 1327 497 6131113111
1370 455 1623 512 Aesculapio
1666 457 1917 501 dedicarunt
1955 459 2003 502 in

417 533 664 575 memoriam
697 548 840 575 earum
874 548 1015 576 rerum
1030 566 1040 585 ‚
1072 535 1224 589 quibus
1257 535 1422 592 Gortyn
1455 537 1686 592 gloriatur,
1719 539 1858 593 patria
1882 538 2004 583 Tele-

417 614 566 665 masti‚
609 627 693 669 quo
738 614 838 656 belli
883 616 989 656 (11166
1031 629 1101 657 636
1142 619 1378 670 gesserunt.
1415 642 1468 649 —
1502 617 1649 670 Γόρτυν
1681 618 1751 661 1116
1780 619 1898 662 brevi
1927 633 2003 675 pro

416 694 548 749 longa
579 694 744 749 syllaba
775 695 1000 736 terminari
1033 696 1335 739 animadvertit
1365 697 1582 740 Baunaek.

475 774 545 816 Ad
577 789 636 816 vs.
673 776 699 816 3
733 775 871 816 editor
903 775 1027 817 affert
1058 775 1229 831 Polybii
1260 778 1389 819 verba
1421 778 1640 830 XXXIII,
1679 780 1757 823 15:
1793 780 1905 823 κατα
1935 781 2004 824 τὸν

418 855 551 907 καιρὸν
583 857 722 896 τοῦτον
757 855 814 911 (3.
852 855 948 911 153,
986 870 1081 898 cum
1113 871 1198 911 qua
1230 859 1366 900 aetate
1397 859 1639 914 conspirare
1672 861 1733 902 ait
1764 860 2002 907 litterarum

418 935 612 988 formam)
660 937 693 978 οἱ
742 941 954 987 Κρηταιεῒς
998 937 1253 980 ἀπέστειλαν
1295 939 1390 991 πρὸς
1436 938 1637 992 Ἀχαιοὺς
1684 941 1781 994 ὑπὲρ
1812 942 2002 994 βοηθείας

419 1018 511 1063 τοὺς
538 1016 627 1069 περὶ
660 1017 995 1071 Ἀντιφάτην
1027 1019 1431 1069 Τηλεμνοέστου
1463 1020 2000 1078 Γορτύνιον,οι·αραπλη-

419 1097 513 1144 σίως
557 1097 598 1139 δὲ
640 1098 708 1140 κα)
754 1098 888 1141 Ῥόδιοι
932 1099 1024 1146 τοὺς
1069 1100 1157 1153 περὶ
1202 1100 1418 1154 Θεοφάνην
1459 1102 1559 1152 κτὲ.,
1605 1103 1717 1145 1111(16
1749 1103 1898 1155 efficit,
1929 1106 2006 1147 aut

418 1179 540 1220 illum
589 1178 905 1221 Telemnastum
953 1180 1083 1221 alium
1125 1180 1272 1233 fuisse,
1315 1184 1388 1224 sed
1429 1197 1480 1224 ex
1522 1185 1666 1225 eadem
1709 1183 1890 1236 familia,
1931 1186 2007 1227 aut

419 1259 647 1314 Polybium
680 1260 846 1314 patrem
880 1273 975 1301 eum
1008 1259 1096 1302 filio
1129 1261 1381 1304 confudisse.
1414 1262 1504 1305 Nee
1536 1264 1680 1305 tamen
1708 1263 1830 1306 video
1855 1264 2006 1320 quidni

420 1340 470 1381 de
512 1341 633 1394 patre
674 1339 961 1394 Antiphatae,
1005 1340 1137 1395 legati
1170 1341 1223 1382 ad
1254 1340 1469 1398 Achaeos,
1503 1342 1772 1386 Telemnasto
1803 1343 1918 1386 1111116
1948 1345 2004 1386 11-

419 1420 557 1462 tulum
589 1419 778 1475 accipere
809 1419 956 1471 liceat,
991 1421 1042 1462 de
1075 1435 1157 1476 quo
1191 1422 1334 1476 paullo
1366 1424 1463 1477 post
1495 1423 1598 1465 dicit
1630 1423 1856 1478 Polybius:
1890 1424 2004 1467 συνέ-

420 1501 541 1550 βαινε
583 1500 677 1547 τοὺς
715 1499 914 1552 ’Λχαιοὺς
949 1500 1212 1553 ἐπιδέχεσθαι
1246 1503 1319 1552 την
1351 1503 1575 1555 παρρησίαν
1608 1504 1734 1545 αὐτοῦ
1771 1503 2005 1560 (Antipha-

421 1581 523 1637 tae),
558 1580 627 1623 καὶ
656 1582 819 1632 μᾶλλον
847 1580 906 1622 ἔτι
941 1580 1025 1623 διὰ
1056 1582 1110 1623 τὸ
1143 1582 1230 1624 τὸν
1263 1582 1473 1635 πατέρα
1505 1586 1595 1625 τοῦ
1630 1584 2003 1636 προειρημένου

423 1661 822 1710 Τηλέμναστον
880 1662 1024 1711 μετὰ
1081 1664 1463 1705 πεντακοσίων
1511 1669 1722 1716 Κρητῶν
1771 1664 2003 1708 ἐλθόντα

424 1741 994 1792 συμπεπολεμηκέναι
1024 1742 1111 1784 τὸν
1140 1744 1265 1794 πρὸς
1293 1744 1473 1794 Νοὲβιν
1501 1744 1745 1795 πόλεμον
1771 1746 2003 1796 εὐγενῶς

424 1824 624 1869 αὐτοῖς.
673 1821 739 1864 Ad
788 1822 1007 1864 victoriam
1055 1823 1188 1878 igitur
1234 1824 1449 1878 quandam
1494 1824 1547 1866 ab
1592 1824 1658 1867 his
1701 1825 1868 1868 auxiliis
1901 1826 2006 1869 (11166

422 1902 689 1944 Telemnasto
721 1903 767 1944 in
800 1902 909 1944 bello
942 1904 1091 1945 eontra
1115 1902 1327 1946 Nabidem
1355 1907 1616 1959 reportatam
1645 1905 1796 1948 titulus
1821 1905 2005 1948 referen-

423 1982 500 2025 dus
532 1982 711 2025 videtur.

484 2062 591 2106 Oum
625 2077 724 2105 vero
756 2063 980 2118 inscriptio
1012 2066 1125 2119 apud
1157 2064 1382 2119 Loewyum
1415 2065 1448 2107 Ι.
1469 2064 1521 2109 G.
1541 2065 1589 2107 B.
1623 2070 1671 2107 11ο
1706 2065 1792 2109 269
1824 2066 2005 2110 eundem

423 2144 629 2187 Labream
678 2144 928 2186 statuarium
977 2144 1175 2186 exhibere
1223 2145 1432 2197 videatur,
1484 2145 1691 2188 Baunack
1738 2146 2005 2190 Kabbadiam

423 2227 535 2266 reete
582 2239 676 2266 eum
724 2224 898 2266 titulum
940 2225 998 2285 ad
1040 2227 1221 2267 aetatem
1266 2226 1583 2280 imperatoriam
1634 2226 1788 2269 referre
1839 2227 2007 2270 dubitat

423 2304 743 2360 suspicaturque
790 2304 996 2347 Labream
1044 2306 1255 2360 pertinere
1303 2308 1356 2347 ad
1403 2306 1592 2348 scholam
1635 2306 1751 2349 illam
1795 2307 2004 2350 artificum

423 2384 705 2441 Argivorum,
740 2399 869 2440 quam
902 2386 1058 2427 claram
1091 2385 1326 2440 Stratonis,
1358 2386 1590 2441 Xenophili
1622 2389 1665 2428 et
1698 2387 1894 2429 Andreae
1927 2401 2005 2429 no-

424 2465 610 2507 minibus
642 2466 782 2508 seeulo
815 2466 950 2507 altero
983 2481 1008 2507 a
1040 2464 1139 2508 Chr.
1175 2466 1311 2508 medio
1345 2466 1535 2508 floruisse
1566 2466 1720 2521 Loewy
1753 2467 1805 2508 ad
1835 2470 1884 2508 n0
1917 2467 1999 2510 261

423 2546 621 2601 disputat.
656 2544 700 2588 Si
733 2546 865 2601 igitur
898 2561 996 2588 vera
1027 2549 1090 2588 est
1122 2561 1214 2588 mea
1251 2547 1301 2588 de
1339 2547 1464 2589 titulo
1500 2546 1733 2602 Epidaurio
1769 2548 2002 2603 sententia,

421 2626 488 2668 his
520 2627 620 2669 viris
652 2626 795 2682 paullo
830 2627 1044 2682 antiquior
1076 2626 1258 2669 Labreas
1291 2627 1423 2669 fuerit*
1449 2641 1616 2670 necesse
1646 2628 1722 2670 est.

484 2793 579 2835 Duo
623 2793 690 2835 hio
734 2793 946 2848 subiungo
989 2793 1206 2848 epitaphia
1238 2793 1364 2835 medii
1396 2794 1510 2844 aevi,
1542 2807 1650 2848 quae
1682 2793 1841 2848 primus
1874 2793 2005 2835 edidit

424 2872 655 2916 Sakkelion
672 2873 717 2915 in
734 2873 1014 2929 Epherneride
1032 2872 1366 2928 Archaeologica
1381 2889 1419 2916 v.
1437 2873 1503 2916 III
1519 2878 1571 2925 (a.
1587 2874 1730 2925 1886),
1747 2888 1789 2928 p.
1807 2873 1892 2916 238
1911 2888 2002 2929 sqq.

423 2969 445 2996 e
478 2954 619 2996 codiee
650 2968 730 2996 666.
763 2954 882 3005 XVI,
916 2956 965 2996 ut
996 2956 1143 3009 putat,
1175 2956 1368 3006 exarato,
1398 2955 1472 3009 qui
1499 2953 1681 2996 Athenis
1707 2955 1770 2996 est
1797 2955 1842 2996 in
1869 2954 2004 2996 Bibli-

426 3034 576 3076 otheca
608 3034 788 3089 publiea.
