2138 3580
931 335 983 378 21

215 458 296 502 3-1.’
342 445 470 509 Σῆμοέ
514 457 600 502 τόδ’
644 458 812 501 Οἲναίου
847 459 1160 501 Διονυσίου·
1194 461 1271 500 τῶν
1306 457 1340 500 δ’
1372 454 1431 499 ἔτι
1468 455 1637 509 πρόσθεν
1671 458 1757 501 κτὲ.

156 540 258 584 Non
287 542 371 596 est,
408 542 523 596 quod
554 540 779 583 contendit
810 539 992 596 Cougny
1023 540 1068 582 in
1102 539 1406 590 annotatione,
1442 564 1497 570 —
1534 539 1644 581 υσίου
1680 554 1759 595 pro

155 621 350 678 dactylo,
386 622 458 664 sed
492 635 570 678 pro
603 621 842 677 spondaeo,
878 623 928 663 ut
958 622 1117 676 passim
1151 619 1400 676 praesertim
1432 619 1479 661 in
1511 619 1759 662 nominibus

155 702 342 759 propriis
383 703 473 746 iota
517 702 644 745 breve
687 704 788 744 ante
820 701 997 758 longam
1030 702 1218 745 vocalem
1252 704 1328 743 aut
1360 701 1647 757 dipthongum
1680 700 1758 742 ha-

154 783 228 826 bet
258 783 345 826 vim
378 783 656 826 consonantis
686 783 779 834 vel,
813 783 848 825 si
881 783 1042 838 mavis,
1074 783 1120 824 in
1147 782 1472 837 pronuntiando
1501 781 1761 837 neglegitur,

152 863 271 908 velut
311 863 358 916 Ι,
403 863 484 920 12,
522 864 544 906 1
581 863 895 915 Ἀπολλωνίαις,
930 863 1005 906 ubi
1035 877 1258 919 perperam
1291 862 1394 904 olim
1427 861 1604 904 Brunck
1635 861 1762 903 metri

149 944 293 1000 gratia
329 945 482 1001 reponi
513 944 636 987 iussit
668 945 969 997 Ἀπολλονίαις,
1002 944 1047 986 II
1082 944 1164 995 53,
1193 944 1220 986 2
1249 944 1428 994 Πυθίων,
1460 943 1569 993 199,
1600 944 1626 985 8
1660 943 1760 985 ‘Eo'-

153 1031 284 1074 τιαῒος
317 1025 515 1080 (fallebar
545 1026 708 1069 Mnem.
743 1026 884 1075 1882,
916 1042 955 1082 p.
989 1027 1117 1079 390),
1138 1025 1226 1068 256
1244 1024 1589 1077 Καλπουρνιανός,
1610 1023 1756 1079 289,1

153 1108 392 1164 Πωπιλίης,
438 1108 548 1160 741,
597 1108 619 1150 1
666 1107 834 1150 Ἰουλίου
882 1107 1214 1160 Καρακουττίου,
1254 1106 1337 1148 alia
1369 1107 1569 1162 plurima.
1603 1106 1758 1148 Paullo

153 1190 292 1232 rarius
322 1189 435 1232 idem
468 1188 520 1230 fit
548 1189 595 1231 in
631 1189 930 1245 appellativis,
965 1191 1014 1231 ut
1045 1188 1091 1230 in
1125 1189 1340 1241 δισχιλίοις
1377 1187 1448 1239 53,
1486 1189 1509 1230 7
1544 1187 1664 1244 (licet
1694 1187 1756 1230 ibi

152 1273 280 1328 poeta
321 1284 439 1313 more
483 1270 713 1314 Homerico
746 1270 949 1324 δισχίλοις
984 1271 1084 1313 dare
1115 1269 1346 1326 potuerit),
1382 1269 1521 1323 κραδίῃ
1555 1269 1666 1320 504,
1702 1269 1755 1320 4,

153 1352 369 1407 mancipem
413 1353 526 1403 478,
576 1353 626 1403 1,
661 1354 813 1405 χηρίοιν
848 1353 959 1407 399,
996 1353 1046 1404 8,
1080 1352 1154 1394 ubi
1186 1352 1295 1394 nihil
1329 1366 1435 1407 opus
1467 1366 1563 1394 cum
1598 1350 1757 1393 editore

152 1434 349 1479 Parisino
378 1435 571 1478 conicere
599 1435 771 1487 χηρείαν
800 1441 958 1488 στυγνῇ
990 1449 1068 1489 pro
1096 1434 1247 1487 χηρίοιν
1266 1434 1483 1484 δυστήνου,
1505 1435 1547 1475 et
1564 1432 1679 1475 alibi.
1701 1457 1754 1464 —

151 1515 252 1559 Alia
287 1515 429 1559 brevis
470 1516 629 1559 vocalis
674 1516 859 1559 sublatio
903 1517 988 1567 est,
1037 1530 1146 1571 quae
1189 1515 1344 1558 seriore
1377 1516 1517 1556 aetate
1551 1513 1680 1556 etiam
1712 1513 1759 1555 in

151 1597 346 1641 oratione
386 1597 526 1640 soluta
569 1598 737 1653 saepius
782 1600 984 1653 apparet,
1031 1598 1076 1639 in
1120 1597 1369 1639 nominibus
1411 1595 1595 1651 propriis
1639 1595 1759 1638 velut

149 1679 373 1733 ’Ῑανούαιρις
400 1675 478 1735 pro
507 1679 748 1731 Ἰανούαριος
777 1679 840 1732 (ΙΙ
869 1679 1002 1735 684),
1028 1677 1231 1725 Ἕλλαδις
1257 1692 1334 1734 pro
1363 1677 1583 1725 Ἑλλάδιος
1605 1677 1753 1734 (705),

144 1759 362 1808 ”Aetam
395 1775 474 1817 pro
508 1760 736 1808 Ἀσπάσιος
770 1760 792 1803 Ι
827 1760 985 1812 2531),
1022 1760 1049 1803 2
1083 1760 1227 1813 (Add.)
1260 1759 1451 1815 aliisque.

215 1907 286 1950 34.
319 1906 461 1950 Facile
492 1907 662 1963 quidem
695 1910 739 1950 et
770 1909 868 1964 apte
900 1906 1158 1963 expleveris:

328 1988 501 2032 Ἐνθάδε
534 1990 607 2038 τὴν
639 1989 804 2040 ἀγαθὴν
837 1989 906 2032 καὶ
942 1989 1132 2043 σώφρονα
1164 1989 1260 2040 γαῖ’
1295 1988 1506 2041 ἐκάλυψεν

326 2071 643 2124 Ἀρχεστράτην
679 2071 916 2126 [γαμετὴν]
951 2069 1061 2122 ἀνδρὶ
1097 2069 1399 2118 ποθεινοτάτην.

144 2152 218 2196 sed
247 2151 453 2195 incertius
485 2154 549 2195 est
583 2153 959 2208 supplementum,
996 2152 1096 2207 quia
1128 2165 1263 2207 aequo
1287 2151 1378 2193 iure
1407 2150 1615 2206 suspicari
1630 2152 1754 2205 potes

144 2234 340 2277 additum
367 2233 498 2277 fuisse
525 2234 660 2290 patris
686 2249 844 2277 nomen
869 2235 914 2277 in
948 2235 1161 2290 genetivo.
1194 2234 1420 2276 Praeterea
1449 2233 1578 2275 etiam
1596 2232 1752 2285 ἄλοχον

148 2329 238 2360 non
278 2330 452 2372 prorsus
494 2319 747 2372 aspernatur
798 2319 1006 2368 metrum,
1053 2316 1270 2358 interdum
1317 2315 1432 2358 enim
1474 2315 1521 2356 in
1554 2315 1657 2357 seris
1688 2315 1755 2357 his

151 2397 472 2454 epigrammatis
503 2397 622 2441 brevi
649 2398 816 2454 syllaba
844 2398 1058 2441 clauditur
1085 2398 1205 2454 prius
1221 2396 1480 2453 pentametri
1498 2396 1750 2439 membrum.

212 2536 282 2578 36.
314 2534 498 2578 Tentavi
526 2535 736 2579 Mnemos.
771 2534 910 2591 1882,
941 2551 980 2590 p.
1015 2536 1101 2578 386
1133 2550 1195 2591 sq.
1226 2535 1343 2577 hunc
1369 2535 1544 2576 titulum
1573 2534 1752 2577 fortasse

149 2617 240 2660 sine
270 2631 398 2660 causa
426 2617 604 2673 idonea,
637 2619 710 2660 sed
743 2617 935 2659 nondum
969 2617 1187 2672 displicet,
1216 2618 1329 2672 quod
1355 2616 1514 2658 ibidem
1542 2616 1587 2657 in
1615 2615 1750 2670 epigr.

149 2700 207 2742 40
224 2732 235 2751 ‚
265 2698 293 2742 2
320 2698 595 2755 supplebam.
624 2699 694 2742 καὶ
723 2701 768 2742 τὸ
798 2699 1070 2755 &namo-mm
1087 2699 1328 2754 ἀσκοῦν]τΑ
1347 2698 1504 2752 φίλοισι
1526 2703 1747 2749 προσεῖναι.

169 2849 171 2851 -
214 2825 284 2870 74.
334 2824 389 2869 Εἴ
419 2841 465 2868 σε
498 2826 608 2879 τύχη
645 2827 892 2878 προύπεμψε
927 2827 996 2868 καὶ
1034 2826 1198 2875 ἡλικίας
1236 2824 1464 2876 ἐπέβησεν,

397 2907 532 2950 ἐλπίδι
565 2907 609 2959 γ’
642 2905 744 2956 ἦσθα
777 2907 917 2959 μέγας
953 2909 1006 2960 τῷ
1042 2924 1088 2950 τε
1120 2907 1271 2958 δοκεῖν,
1306 2910 1538 2958 Μακαρεῦ,

346 2989 506 3043 ἡνίοχος
542 2989 691 3042 τέχνης
726 2995 928 3042 τραγικῆς
961 2987 1163 3037 Ἕλλησιν
1197 2987 1382 3030 ἔσεσθαι·

396 3071 635 3126 σωφροσύνῃ
667 3071 700 3114 δ’
734 3072 860 3127 ἀρετῇ
894 3073 932 3114 τ’
965 3073 1036 3115 οὐκ
1069 3072 1223 3120 ἀκλεὴς
1258 3069 1407 3118 ἔθανες.
