2138 3580
946 334 971 375 9

294 472 298 477 ’
341 457 455 505 τοίας
488 458 532 501 ἐκ
566 457 773 510 προβολαῖς
809 458 1072 510 εὐάγκριτον;
1109 459 1136 500 οὶ
1168 459 1209 502 δὲ
1243 459 1418 511 Νέμειος

341 538 432 581 νίκα
464 554 532 590 μοι
565 540 718 582 λεκτῶν
752 537 868 588 ἦλθεν
901 539 977 582 ἀπ’
1012 540 1146 590 ἠιθέων
1178 542 1262 584 κτὲ.
1742 582 1746 585 .

158 618 317 676 Scripsi
346 619 452 663 haee
466 652 476 672 ‚
507 623 557 663 ut
585 620 721 664 multo
755 622 908 664 rectius
935 622 1052 665 dedit
1079 622 1230 666 Kaibel
1257 622 1337 679 Ep.
1367 622 1440 666 Gr.
1461 640 1502 680 p.
1522 623 1604 667 XX
1622 626 1752 682 praef.

159 700 305 744 Verba
335 701 450 749 τοίας
471 727 527 734 -
545 702 786 757 εὖοίγκριτον
800 735 811 755 ,
845 718 954 759 quae
987 703 1097 746 male
1124 704 1253 747 vertit
1271 703 1451 761 Cougny
1465 737 1475 757 ‚
1493 707 1637 762 paullo
1653 722 1755 750 sane

160 784 263 828 sunt
292 782 541 828 difficiliora.
575 782 682 828 Cum
711 787 851 827 autem
881 786 1063 837 προβολή
1093 786 1163 828 hio
1190 785 1415 829 manifeste
1442 790 1648 831 vocentur
1663 803 1754 831 eer-

160 864 327 908 tamina
355 878 452 908 cum
478 865 620 921 pueris
648 868 691 909 et
723 881 817 909 cum
845 867 920 918 iis,
949 867 1144 923 quisunt
1160 867 1320 910 mediae
1336 868 1450 910 inter
1466 883 1620 924 pueros
1636 869 1755 913 iuve-

165 959 322 1002 nesque
349 946 502 989 aetatis
517 979 528 999 ,
543 947 690 1004 itaque
707 948 883 999 ιίγένειοι
901 949 974 1004 qui
991 949 1137 991 audire
1154 949 1294 991 solent
1307 980 1318 1001 ‚
1335 950 1452 992 reddi
1471 965 1520 993 ea
1536 965 1618 994 vox
1634 966 1757 1008 posse

163 1026 333 1070 videtur
373 1028 648 1086 antelmium,
688 1030 776 1072 sive
806 1043 953 1086 pugna
985 1031 1195 1087 anterior,
1232 1045 1409 1087 cumque
1443 1033 1667 1085 ἀνακρίνειν
1700 1034 1756 1076 sit

164 1110 424 1161 examinare,
457 1125 490 1152 s.
523 1112 762 1169 explorare,
795 1111 1038 1164 εὐάγκριτος
1074 1114 1139 1154 est
1169 1114 1248 1155 rite
1278 1115 1562 1165 examinatus,
1594 1129 1627 1158 s.
1650 1131 1755 1172 pro-

162 1190 295 1234 batus.
326 1189 448 1241 Quod
489 1191 526 1234 si
566 1192 628 1234 ita
659 1195 746 1244 est,
780 1193 870 1235 sine
900 1193 1242 1250 interrogatione
1274 1194 1542 1237 scribendum
1579 1198 1643 1238 est
1675 1212 1756 1244 τις

163 1271 255 1325 ἐρεῖ.
297 1271 543 1316 Sententia:
578 1273 649 1316 Me
679 1276 754 1331 qui
783 1283 821 1317 et
849 1283 887 1317 et
916 1280 1066 1332 pueros
1097 1283 1136 1318 et
1167 1276 1361 1318 imberbes
1388 1279 1610 1334 pancratio
1636 1293 1756 1336 sape-

160 1355 255 1396 ravi
297 1355 401 1397 dicet
446 1344 597 1412 aliquis
637 1357 838 1398 eiusmodi
879 1357 999 1413 quasi
1039 1357 1256 1400 anteludiis
1289 1358 1392 1400 bene
1418 1360 1645 1416 probatum
1677 1372 1760 1402 esse

160 1434 207 1492 (i.
225 1449 262 1478 e.
293 1435 396 1478 satis
428 1440 686 1480 monstrasse
717 1437 813 1493 quis
845 1452 975 1480 essem
990 1470 1000 1489 ,
1029 1438 1215 1494 quidque
1244 1454 1268 1481 a
1295 1454 1362 1482 me
1378 1441 1592 1496 expectari
1609 1423 1756 1498 possit,

160 1531 240 1560 nec
281 1531 398 1574 spem
442 1520 619 1561 eventus
651 1518 845 1574 fefellit);
881 1521 1060 1577 venitque
1091 1521 1196 1563 mihi
1232 1523 1402 1565 victoria
1434 1521 1674 1565 Nemeensis
1706 1524 1755 1565 de

163 1599 272 1643 lectis
301 1601 525 1643 iuvenibus.
554 1600 625 1644 Ad
659 1601 787 1643 verba
819 1606 972 1644 λεκτῶν
993 1627 1047 1633 —-
1069 1601 1203 1651 ἠιθέων
1236 1603 1289 1645 cf.
1324 1603 1454 1659 Soph.
1490 1603 1540 1648 Ο.
1559 1603 1611 1647 R.
1642 1604 1711 1647 18.

226 1767 298 1812 92.
332 1769 458 1813 Metri
490 1784 616 1813 causa
648 1770 911 1826 epigramma
943 1771 1002 1814 sie
1035 1771 1316 1827 explendum:

345 1850 510 1900 Βοΐσκος
539 1851 623 1894 ἀπὸ
652 1858 792 1906 (τῆς)
821 1852 1008 1906 Κυζικοῦ,
1037 1853 1192 1900 παντὸς
1219 1853 1411 1908 γραφεὺς
1440 1855 1687 1907 ποιήματος,

344 1931 412 1975 τὸν
445 1932 651 1976 ὃκτοέπουν
683 1933 801 1987 εὑρὼν
833 1933 994 1988 στίχον,
1031 1934 1166 1988 Φοίβῳ
1201 1935 1332 1984 τίθησι
1365 1936 1493 1988 δῶρον.

220 2093 292 2137 98.
339 2091 468 2143 Tea?
503 2093 671 2136 Ἑλικὼν
708 2092 864 2136 Ἀκὲσᾶ
899 2093 1177 2145 Σαλαμίνιος,
1215 2091 1243 2148 ᾧ
1277 2093 1329 2136 ε’νὶ
1363 2094 1503 2148 χερσὶν

342 2174 490 2219 πότνια
523 2175 736 2225 θεσπεσίην
765 2175 945 2224 Παλλὰς
980 2174 1168 2226 ἔτευξε
1201 2175 1339 2230 χάριν.

158 2255 228 2299 Ita
258 2255 471 2300 Athenaei
494 2257 617 2309 libri,
646 2259 719 2300 sed
746 2258 842 2300 vide
869 2273 923 2300 ue
950 2259 1187 2313 elegantius
1212 2260 1338 2314 poeta
1355 2259 1570 2315 scripserit
1595 2258 1691 2314 ἔχε
1706 2276 1760 2302 vs

162 2337 298 2394 χάριν.

168 2496 269 2552 100,
290 2495 328 2539 l.
349 2496 455 2540 Οὐδὲ
489 2496 638 2550 Τύχης
672 2513 717 2540 σε
751 2496 944 2548 δάμασσε
977 2500 1439 2550 παλιγκλίναντα
1472 2498 1681 2542 τάλαντα.

163 2576 257 2620 lmo
289 2577 469 2628 πάλιγ
503 2579 794 2630 κλίναντα,
829 2579 903 2635 qui
935 2580 1147 2623 scribendi
1181 2580 1329 2623 modus
1356 2595 1434 2637 pro
1462 2579 1590 2623 πάλιν
1617 2591 1683 2624 κλ.
1712 2580 1759 2622 in

163 2658 301 2702 titulis
334 2660 524 2716 antiquis
557 2661 802 2704 notissimus
834 2664 910 2706 est.

165 2817 325 2870 105,1.
345 2819 495 2865 Νικίας
529 2835 584 2869 με
617 2818 806 2867 ἀνέθηκεν
841 2821 1072 2864 Ἀπόλλωνι
1106 2821 1218 2868 υἱὸς
1253 2820 1559 2873 Θρασυμήδεος.

164 2897 227 2943 Ut
257 2899 392 2943 exiret
420 2899 679 2956 hexameter,
707 2900 866 2944 Mnem.
902 2902 1033 2954 1882,
1063 2903 1149 2946 393
1167 2904 1316 2958 utpote
1333 2901 1532 2958 lapidarii
1549 2901 1759 2958 glossema

165 2980 465 3038 expungebam
500 2981 627 3030 υἱός.
661 2980 726 3025 Of.
760 2985 815 3025 ad
850 2983 948 3028 161.
