2138 3580
1175 343 1232 384 44

416 466 604 507 mortuos
634 465 758 506 statio
789 463 1115 520 subterraneae)
1148 463 1339 506 domus.’'
1372 462 1484 505 Satis
1515 464 1658 504 tamen
1689 461 1794 504 lucis
1826 460 1892 504 his
1923 461 1984 504 te-

415 546 556 588 nebris
587 545 769 587 affundit
800 558 978 599 sequens
1007 545 1056 586 de
1088 544 1232 587 eodem
1265 546 1515 607 argumento
1548 542 1806 598 epigramma
1835 541 1986 584 hocce:

595 625 690 672 ’Υἱὸς
724 626 803 676 ἐγὼ
836 625 1080 672 Κάλλιππος
1115 625 1271 676 ὥνιηροῦ
1305 625 1594 677 Κλεοφῶντος,

600 706 736 749 ἐνθάδε
768 706 836 748 καὶ
870 706 1002 759 μήτηρ
1032 711 1164 748 κεῖται
1199 705 1506 758 Ἀριστόπολιςς

598 789 641 831 οὐ
672 794 778 841 κοινῇ
809 787 1011 844 (volgari)
1042 788 1156 841 μοίρη
1187 786 1447 838 δεδμημένοι,
1480 785 1626 827 ἀλλὰ
1659 781 1919 829 πεσόντος

601 873 741 921 τρεῖς
777 865 889 919 οἶμαι
921 867 1154 919 λυγαίου
1188 866 1500 917 κεκλιμένοι
1533 865 1793 916 θαλάμου.

418 950 543 993 Unde
585 950 751 992 disertis
792 949 942 1006 verbis}
971 951 1168 991 docemur
1200 946 1475 1003 Cleophontis
1506 950 1611 1000 (non
1645 945 1849 1002 Epaeni!)
1881 956 1988 987 uxo-

417 1046 505 1074 rem
547 1030 812 1086 Aristopolin
853 1044 948 1072 cum
991 1029 1153 1072 duobus
1196 1028 1363 1083 liberis,
1405 1041 1584 1083 quorum
1614 1026 1736 1069 alteri
1767 1023 1986 1082 Callippus

417 1126 596 1163 nomen,
628 1110 806 1153 thalami
835 1111 960 1153 ruina
985 1113 1195 1152 nocturna
1221 1110 1368 1151 misere
1394 1109 1585 1164 periisse,
1614 1108 1763 1163 idque,
1795 1108 1844 1149 ut
1875 1105 1992 1162 prius

418 1195 626 1235 monstrat
652 1192 933 1248 epigramma,
966 1205 1060 1233 cum
1092 1192 1213 1246 pater
1246 1203 1417 1246 peregre
1449 1189 1622 1232 abesset.
1657 1187 1770 1230 Hinc
1796 1187 1988 1242 corrigo:

590 1269 744 1315 '‘Hnow
776 1272 858 1314 οὶπὸ
890 1271 1018 1323 ξείνης
1053 1275 1246 1324 Κλεοφῶν
1276 1270 1440 1324 χθονός,
1473 1266 1566 1318 ἦλθε
1599 1270 1649 1312 δὲ
1681 1268 1910 1319 παῖδας,

661 1350 716 1402 οἷς
751 1358 886 1406 Μοῖροο
919 1353 1107 1407 προφάνη
1140 1352 1332 1405 σχέτλιος
1366 1351 1425 1401 ἠδ’
1456 1350 1629 1409 ἀλόχ[ῳ.

598 1433 726 1478 Εἶλε
760 1436 842 1488 γὰρ
876 1432 937 1483 οὓς
972 1434 1142 1482 ἐπόθησε
1176 1435 1242 1476 καὶ
1278 1434 1468 1486 ὀρφναίην
1500 1433 1579 1475 aiva}
1613 1432 1740 1474 νύκτα

663 1517 753 1564 τοὺς
787 1517 969 1568 τρισσοὺς
1002 1515 1144 1563 νέκυοος
1177 1514 1359 1564 σταθμὸς
1393 1513 1507 1567 ἔραζε
1539 1514 1674 1565 δόμου.

424 1597 538 1640 Dure
569 1597 739 1653 quidem
773 1597 931 1641 dictum
964 1598 1027 1638 est
1058 1592 1341 1649 εἷλε-ἔραζε,
1378 1594 1451 1636 ubi
1483 1596 1674 1650 expectes
1705 1593 1845 1648 potius
1875 1595 1968 1647 ῥῖψε
1983 1622 1994 1643 ,

423 1679 489 1721 vel
532 1683 643 1720 κλῖνε
687 1678 757 1734 (cf.
800 1693 859 1721 vs.
906 1679 934 1720 4
976 1677 1148 1719 alterius
1178 1677 1333 1732 tituli),
1368 1677 1480 1731 quod
1512 1678 1654 1717 tamen
1686 1687 1771 1717 non
1803 1674 1992 1730 inspecto

421 1761 561 1816 lapide
595 1760 783 1802 conicere
815 1760 887 1802 vix
918 1759 1065 1801 audeo.
1100 1759 1262 1806 Νέκυοις
1295 1760 1358 1800 est
1383 1757 1644 1800 accusativus
1671 1756 1855 1798 effectus.
1885 1753 1994 1798 Vide

423 1843 570 1883 tamen
611 1855 691 1891 an,
735 1843 899 1883 servato
942 1837 1049 1894 εἶδε,
1082 1840 1263 1882 alterum
1296 1839 1508 1881 distichon
1541 1838 1600 1880 sic
1629 1837 1756 1880 liceat
1785 1837 1994 1892 interpre-

423 1922 530 1965 tari:
583 1921 697 1964 Vidit
727 1923 834 1964 enim
867 1922 980 1963 domi
1010 1922 1135 1963 statio
1170 1925 1238 1978 (z
1273 1920 1438 1974 domus)
1475 1934 1574 1975 quos
1608 1915 1858 1973 (Cleophon)
1889 1916 1994 1958 deei-

424 2004 582 2046 deravit
624 2011 757 2044 ternos
801 2002 866 2058 (z
900 2003 1003 2057 tres)
1048 1998 1215 2044 obscur'a
1247 2009 1356 2043 nocte
1387 2000 1503 2041 humi
1533 1998 1753 2055 (iacentes)
1783 1998 1995 2040 cadavera.

422 2084 475 2126 In
506 2083 795 2125 recentissimo
828 2082 941 2124 enim
973 2082 1236 2137 pessimoque
1264 2083 1388 2136 poeta
1414 2078 1528 2133 ἔραζε
1556 2093 1632 2135 pro
1649 2081 1792 2132 χάμοιι
1810 2076 1998 2133 positum

423 2164 653 2207 offensione
696 2177 835 2206 carere
877 2164 1057 2205 videtur.
1105 2162 1299 2205 Iudicent
1338 2163 1388 2203 de
1420 2161 1485 2202 his
1516 2155 1686 2216 quidem
1718 2158 1812 2212 alii;
1844 2157 1916 2200 sed
1948 2156 1999 2199 de

422 2245 635 2287 sententia
662 2245 808 2286 saltem
844 2244 962 2286 nulla
994 2246 1135 2299 potest
1166 2258 1254 2285 esse
1281 2241 1504 2284 dubitatio.

474 2400 573 2443 450.
618 2400 710 2443 Hoc
744 2399 1006 2455 epitaphium
1037 2399 1115 2442 tali
1146 2399 1295 2441 finitur
1325 2399 1439 2441 inter
1472 2398 1685 2439 mortuum
1718 2398 1760 2438 et
1793 2395 1998 2438 viatorem

429 2482 662 2537 colloquio:

614 2562 756 2614 Κούφοο
790 2561 891 2608 κόνις
927 2577 1000 2603 τοι.
1033 2568 1075 2603 Β.
1109 2560 1187 2602 Tin
1218 2560 1282 2616 δέ,
1319 2558 1431 2615 ὁδῖτ’,
1469 2559 1486 2601 ὂ
1519 2559 1643 2606 λεὼς
1681 2557 1808 2600 πέλοι.

428 2643 528 2687 Non
575 2658 724 2685 sanum
757 2643 921 2685 videtur
956 2648 1178 2691 ΟΛΕΩΟ,
1213 2655 1301 2683 non
1333 2641 1444 2682 enim
1479 2642 1626 2693 κοῦφος
1659 2653 1735 2694 pro
1768 2641 1892 2691 πρᾶος
1923 2651 2002 2694 po-

428 2725 567 2775 nitur,
603 2727 652 2766 ut
683 2727 843 2766 taceam
877 2724 1105 2779 permirum
1137 2737 1224 2765 esse
1256 2724 1414 2765 votum.
1448 2721 1733 2777 Expectatur:

1158 2804 1234 2845 Τὶν
1266 2803 1316 2854 δ’,
1352 2804 1478 2852 ὁδῖτ’,
1515 2801 1629 2847 ὁδὸς
1664 2801 1793 2842 πέλοι.

428 2888 481 2930 In
514 2886 613 2930 ὂδῑτ’
648 2890 744 2928 ante
775 2886 967 2941 spiritum
1000 2899 1194 2940 asperum
1227 2883 1366 2939 posito
1400 2897 1484 2924 non
1515 2882 1770 2924 haerendum
1803 2894 1890 2922 esse
1922 2893 2002 2922 no-

430 2971 582 3011 verunt
613 2967 902 3023 epigraphices
935 2967 1074 3022 periti.

435 3051 488 3093 ln
519 3050 770 3105 praegressis
803 3063 887 3090 non
918 3048 1092 3103 expedio
1123 3048 1225 3089 haec
1257 3048 1345 3103 (3);
