2138 3580
1206 360 1260 402 74

648 481 834 521 ’Ἤκουσα
867 479 1030 527 πάντως
1064 481 1132 522 καὶ
1165 481 1209 522 τὸ
1244 482 1485 534 ’χαίροις’
1516 480 1727 532 ἀγγέλου,

656 561 687 601 εἰ
720 561 778 610 μὴ
811 559 855 601 τὸ
888 562 1071 612 πρᾶγμα
1102 562 1191 603 καὶ
1225 562 1391 623 ποέλιν
1425 562 1561 604 λαθεῖν
1595 561 1686 603 ἔδει.

443 640 542 683 Non
572 640 799 696 intellego,
831 641 933 696 quid
965 641 1045 683 sibi
1077 643 1178 684 velit
1210 658 1269 685 vs.
1305 644 1331 685 5
1364 643 1432 685 καὶ
1467 643 1621 694 πάλιν,
1654 643 1766 698 quod
1798 642 1908 685 male
1941 656 2015 698 pe-

443 723 537 763 dem
568 721 763 763 intulisse
794 722 962 763 videtur
992 736 1014 763 e
1045 737 1106 764 vs.
1142 723 1180 764 1.
1214 723 1333 774 Fuit,
1371 724 1416 765 ni
1449 724 1592 765 fallor:

658 803 690 844 εἱ
724 802 780 850 μὴ
813 803 858 845 τὸ
892 804 1073 854 πρᾶγμα
1108 803 1195 845 καὶ
1229 803 1391 855 λόγον
1423 805 1490 860 (Ξ
1519 821 1556 847 κ.
1579 803 1645 845 τὸν
1661 805 1724 854 λ.)
1755 805 1894 846 λαθεῖν
1925 802 2016 847 ἔδει.

446 882 510 926 Cf.
546 883 646 926 353.
679 883 806 935 Χοιίρ
822 899 917 929 014·-
953 884 997 925 τὸ
1029 887 1139 938 ῥῆμα
1173 886 1239 926 κοιὶ
1273 886 1318 927 τὸ
1355 888 1538 937 πρᾶγμα
1570 901 1628 927 σοι
1662 885 1808 936 λέγων.
1841 887 1884 927 et
1913 884 2014 927 354.

447 965 689 1017 ’Χαίρω-ς’
724 965 741 1006 ὅ
775 967 860 1011 νοῦς
897 964 1084 1018 ἔφησας,
1118 963 1145 1006 ὦ
1176 968 1344 1016 τερπνοῦ
1376 966 1512 1016 λόγου.

450 1133 548 1183 369,
584 1133 622 1174 6.
658 1132 838 1174 δίο-κον
871 1133 911 1174 δὲ
941 1132 1097 1181 ταύτης
1131 1136 1310 1185 γαστρὸς
1343 1134 1489 1183 ἥλιος
1523 1133 1603 1179 νέος

659 1212 882 1264 ἕξοιυγοὲσει
917 1229 997 1265 ο-οι,
1031 1214 1266 1266 δημιουργὸς
1302 1215 1423 1262 ἡλίου.

447 1293 754 1350 Corrigendum
787 1294 976 1336 videtur:

659 1375 839 1423 δίσκος
873 1375 914 1417 δὲ
947 1374 1101 1425 ταύτης
1135 1376 1313 1428 γαστρὸς
1349 1377 1500 1426 ἡλίου
1532 1375 1612 1422 νέος
1647 1376 1731 1417 κτέ.

456 1544 556 1595 381,
591 1544 629 1585 1.
665 1543 879 1596 Στέφανος
913 1542 1030 1589 ὅντως
1066 1543 1084 1584 ὅ
1117 1543 1390 1596 στέφανος
1423 1545 1635 1596 μαρτύρων
1667 1544 1751 1586 κτὲ.

453 1623 554 1667 Non
596 1624 778 1679 primum
794 1655 804 1675 ‚
846 1625 918 1665 sed
959 1626 1158 1679 quartum
1200 1624 1449 1666 vocabulum
1493 1626 1556 1666 est
1594 1638 1749 1666 nomen
1780 1623 2020 1680 proprium,

451 1706 595 1760 itaque
624 1705 852 1760 legendum
884 1705 901 1746 ὁ
935 1704 1148 1758 Στέφανος
1185 1703 1251 1748 Of.
1287 1705 1396 1756 387,
1432 1706 1452 1746 1
1489 1708 1531 1747 et
1563 1706 1604 1748 4.

453 1861 555 1912 388,
593 1861 631 1903 1.
667 1862 720 1903 Οἱ
752 1861 886 1913 φωτὸς
920 1860 1079 1916 ἐχθροί,
1111 1864 1180 1902 τοῦ
1215 1861 1379 1907 σκότους
1412 1861 1456 1902 οἱ
1491 1861 1886 1912 πρωτοστάται.

448 1942 552 1984 Ruit
584 1944 789 1992 metrum,
823 1956 951 1997 quare
981 1944 1055 1983 aut
1088 1942 1290 1983 articulus
1324 1944 1423 1982 ante
1456 1942 1651 1983 ultimum
1683 1941 1934 1984 vocabulum
1956 1942 2020 1984 deb

448 2024 597 2066 lendus
610 2055 620 2075 ,
652 2026 726 2065 aut
756 2024 1051 2079 corrigendum
1082 2024 1114 2065 οἱ
1151 2040 1181 2064 π
1193 2040 1211 2076 ρ
1224 2039 1242 2065 o
1255 2039 1279 2064 o·
1293 2040 1315 2064 τ
1328 2023 1355 2064 οὶ
1370 2039 1393 2063 τ
1406 2040 1433 2064 οι
1448 2039 1473 2064 ι.

526 2181 624 2222 404.
658 2182 729 2226 Εἷς
762 2182 833 2229 τὴν
866 2179 1016 2232 εὕρεσιν
1049 2186 1121 2228 τῆς
1154 2184 1342 2232 κεφαλῆς
1375 2184 1446 2222 τοῦ
1480 2178 1711 2232 προδρόμου.

724 2263 806 2306 Ὠς
836 2261 925 2312 πρὶν
959 2262 1181 2311 θοινοῦσοιν,
1214 2260 1367 2314 λύχνε,
1401 2263 1466 2302 νῦν
1500 2260 1787 2313 κεκρυμμένην

724 2344 861 2393 πηγὴν
893 2343 1104 2395 ἐλέγχων,
1137 2341 1235 2384 οὕτω
1270 2342 1434 2395 Χριστὸς
1469 2341 1688 2391 θαυμάτων

724 2425 796 2472 τὴν
829 2424 900 2471 σὺν
933 2422 1061 2475 κοὶροιν
1093 2423 1242 2465 τέθεικε
1275 2423 1346 2470 τὴν
1378 2420 1693 2474 πορνοκτόνο
1707 2438 1739 2463 ν.

455 2504 594 2560 Caput
624 2505 804 2547 Joannis
836 2504 1125 2546 praecursoris
1159 2505 1245 2546 sive
1278 2504 1518 2559 Baptistae,
1553 2504 1667 2558 quod
1698 2504 1842 2557 postea
1871 2501 2024 2543 inven-

453 2588 544 2628 tum
588 2585 781 2628 Christus
824 2585 1120 2627 miraculorum
1164 2586 1324 2627 fontem
1358 2584 1564 2635 reddidit,
1597 2598 1670 2626 eur
1701 2583 1873 2624 vocetur
1903 2583 2027 2624 scorti

452 2668 600 2709 occisor
654 2666 847 2721 intellegi
906 2666 1064 2721 nequit.
1113 2666 1366 2707 Interfectus
1413 2666 1478 2706 est
1522 2663 1710 2706 Joannes
1759 2662 1812 2704 ab
1860 2661 2026 2703 Herode

454 2747 657 2789 suadente
709 2745 947 2787 Herodiade
961 2778 970 2796 ,
1024 2746 1141 2788 euius
1182 2746 1406 2800 probrosos
1449 2758 1585 2786 mores
1626 2743 1698 2785 ille
1739 2743 2027 2798 exagitaverat

454 2827 610 2883 (πηγὴν
653 2825 863 2879 ἐλέγχων,
908 2826 960 2867 cf.
995 2826 1096 2880 415,
1133 2826 1170 2867 l.
1203 2827 1280 2867 τῶν
1313 2826 1446 2867 παθῶν
1484 2823 1726 2881 μάχαιραι),
1757 2823 1900 2878 itaque
1932 2835 2024 2864 cor-

452 2908 674 2962 rigendum
709 2909 780 2956 τὴν
812 2923 872 2948 πο
883 2907 1069 2958 ρνοκτό
1080 2922 1186 2955 νου,
1219 2907 1246 2949 i.
1267 2921 1301 2948 e.
1334 2915 1451 2948 tuum
1483 2907 1599 2948 occisi
1629 2921 1654 2947 a
1686 2913 1815 2947 scorto
1846 2911 1979 2961 caput.

513 2988 691 3043 Insuper
746 2987 889 3029 malim
946 2990 1015 3029 τοῦ
1063 2987 1341 3039 πορνοκτόνου,
1391 2987 1472 3028 nisi
1518 2986 1626 3028 forte
1673 2985 1812 3026 minus
1859 2984 2026 3039 proprie

456 3070 622 3112 locutus
672 3069 776 3125 (non
820 3068 931 3110 enim
976 3070 1126 3123 caput,
1168 3069 1240 3109 sed
1282 3068 1408 3109 homo
1455 3066 1672 3117 occiditur)
1705 3079 1820 3107 serus
1851 3063 2029 3107 versifex
