2138 3580
918 345 974 387 49

151 469 252 514 Non
285 462 456 512 tantum
491 468 786 522 προσ-ψύχετε,
821 482 898 524 pro
931 483 1014 524 quo
1048 471 1146 525 apte
1179 469 1335 512 Jacobs
1369 469 1620 520 προστήκετε
1650 483 1744 525 pro-

150 541 316 608 posuit,
359 552 432 594 sed
473 550 601 594 etiam
645 550 762 604 κενεῷ
805 554 904 605 post
935 550 1073 601 μοὶτην
1108 549 1213 592 mihi
1245 551 1489 606 suspectum
1523 552 1610 601 est,
1643 551 1743 606 quia

151 647 238 676 non
282 633 426 690 agitur
462 633 532 675 hie
573 631 624 674 de
667 631 946 687 cenotaphio,
984 635 1031 673 ut
1063 634 1225 674 taceam
1259 632 1403 674 eadem
1436 646 1537 674 voce
1570 634 1741 687 poetam

149 729 273 758 usum
313 729 403 758 esse
433 715 480 757 in
510 729 570 757 vs.
605 727 852 770 praegresso
886 714 1096 767 (μύρονται
1132 719 1351 761 κενεαῖς
1385 714 1521 756 ἐλπίσι
1556 713 1740 765 τειρόμε-

148 796 235 854 νοι).
266 795 388 841 Nihil
420 795 589 853 quidem
621 798 787 838 mutare
819 794 978 846 audeo,
1013 796 1084 838 sed
1117 795 1295 838 dubium
1329 809 1417 838 non
1450 798 1515 838 est
1541 795 1645 851 quin
1663 810 1740 851 ap-

146 878 232 922 tius
262 878 496 936 legeretur:

317 956 388 1003 ⁹9.
422 959 585 1011 γονέες,
619 960 661 1002 τί
693 959 832 1010 μοὶτην
866 960 1029 1015 κ[ωφ]ᾦ
1066 959 1361 1015 προσ[τήκ]ετε
1395 959 1573 1012 τύμβῳε,

145 1040 211 1087 Of.
247 1042 348 1094 311,
383 1043 435 1085 8:
469 1044 512 1084 et
543 1041 626 1086 loei
659 1041 832 1098 plurimi
864 1041 907 1083 in
943 1040 1233 1097 Anthologiae
1266 1040 1356 1083 Pal.
1392 1042 1418 1083 l.
1454 1041 1552 1085 VII.

144 1198 246 1251 545,
267 1199 305 1242 1.
324 1198 505 1256 Cougny
537 1203 742 1256 tauquam
776 1214 798 1242 e
831 1199 1016 1242 Kaibelii
1048 1199 1290 1242 coniectura
1324 1199 1446 1241 metri
1479 1213 1606 1241 eausa
1633 1213 1735 1254 sup-

141 1282 276 1338 plevit
306 1281 638 1340 [ποορ]οδοίπορε,
672 1284 743 1325 sed
777 1281 981 1324 Germani
1015 1282 1150 1325 critici
1182 1281 1440 1323 sententiam
1469 1280 1578 1323 male
1606 1280 1736 1322 intel-

140 1363 258 1408 lexit.
302 1363 386 1408 Hic
426 1364 540 1407 enim
583 1365 629 1406 in
671 1367 794 1407 tanta
825 1363 979 1407 horum
1013 1378 1210 1406 versuum
1245 1363 1441 1406 barbarie
1475 1363 1537 1405 nil
1570 1377 1735 1406 novan-

141 1445 243 1488 dum
291 1460 381 1489 esse
426 1449 540 1490 reete
585 1446 804 1489 iudicavit.
853 1445 1057 1489 Servandi
1107 1445 1239 1501 igitur
1281 1445 1534 1488 barbarismi
1579 1444 1734 1499 ἤλπιζοι

140 1526 339 1585 (cougny
371 1531 522 1572 eontra
553 1531 736 1571 metrum
771 1528 947 1582 ἤλπισα)
980 1531 1023 1571 et
1055 1528 1238 1582 χάριταν
1271 1543 1353 1570 vss.
1389 1528 1414 1570 5
1449 1530 1492 1570 et
1526 1528 1566 1570 6.

187 1695 289 1740 547.
322 1695 441 1745 Γάιος
477 1698 722 1751 εἱμΛρτῇ
757 1696 901 1751 ἀλόχῳ
935 1696 1026 1740 τάδε
1060 1702 1176 1748 σῆμα
1210 1695 1380 1750 θανούσῃ

323 1779 417 1828 θῆκε
449 1779 656 1834 Λυκειοὶνη
688 1779 948 1831 μνημοσύνης
983 1775 1126 1822 ἕνεκεν.

140 1859 264 1903 Nihil
310 1861 415 1904 mali
454 1862 692 1918 suspicatus
734 1860 918 1918 cougny
959 1862 1088 1904 vertit
1120 1860 1279 1904 »Gaius
1312 1860 1581 1903 fataliter
1614 1861 1735 1904 uxori

139 1942 222 1986 hoe
260 1946 587 1987 monumentum
630 1945 774 2000 posuit
816 1944 1053 1987 mortuae.”
1097 1942 1183 1986 Fae
1215 1944 1389 1997 εἱμαρτῇ
1425 1957 1514 1985 esse
1536 1943 1736 2001 fataliter

140 2025 184 2067 et
213 2024 338 2082 iungi
369 2039 514 2082 posse,
548 2027 663 2082 quod
695 2026 921 2069 verborum
955 2025 1059 2067 ordo
1091 2026 1221 2080 vetat,
1257 2039 1352 2067 cum
1372 2024 1566 2078 θανούσῃ,
1591 2026 1658 2068 vel
1676 2025 1735 2068 sic

138 2106 286 2164 inepte
324 2107 387 2150 ita
429 2107 661 2163 diceretur,
704 2108 805 2164 quia
845 2107 1035 2150 fataliter
1068 2122 1203 2150 omnes
1236 2107 1429 2150 homines
1462 2107 1708 2150 moriuntur
1722 2122 1731 2159 ;

139 2187 212 2231 sed
241 2188 372 2252 etiam
403 2189 523 2245 peius
554 2188 685 2232 Gaius
718 2189 838 2232 uxori
865 2204 965 2232 suae
990 2191 1315 2231 monumentum
1334 2188 1524 2232 fataliter
1542 2190 1733 2245 posuisse

140 2269 309 2314 dieitur.
343 2268 500 2327 Sapere
531 2271 638 2314 aude
670 2274 714 2314 et
744 2271 873 2314 redde
906 2271 1103 2327 poetulo:

98 2343 107 2352 ”
321 2351 441 2401 Γάιος
475 2354 714 2408 εἷμΕρτῇ
749 2353 795 2407 (i.
830 2368 862 2396 e.
900 2354 1065 2410 ἱμερτῇ)
1098 2351 1243 2407 ἀλόχῳ
1280 2353 1366 2395 κτὲ.

142 2520 243 2566 559.
267 2520 395 2564 Hune
422 2521 595 2565 titulum
623 2522 658 2565 si
686 2524 798 2565 reete
825 2522 1032 2579 intellego
1047 2554 1058 2574 ,
1077 2522 1348 2565 Maeandriae
1362 2554 1372 2574 ,
1390 2522 1590 2565 maritum
1610 2537 1731 2565 suum

138 2602 384 2660 peregrinas
423 2603 470 2646 in
511 2605 644 2647 terras
684 2603 939 2660 comitanti,
973 2606 1052 2647 aut
1082 2604 1248 2647 itineris
1280 2619 1484 2647 aerumna
1517 2606 1593 2647 aut
1624 2603 1731 2648 coeli

139 2685 322 2728 mutatio
354 2685 595 2742 perniciosa
625 2684 779 2729 fuerat.

141 2842 243 2888 564.
274 2843 405 2888 Recte
435 2843 589 2887 Kaibel
620 2857 719 2900 pag.
757 2843 840 2886 155
874 2843 957 2886 tria
988 2844 1187 2887 distinxit
1219 2844 1531 2900 epigrammata
1566 2843 1734 2886 docuit-

141 2939 223 2982 que
261 2925 309 2969 in
355 2925 508 2969 ultimo
551 2940 675 2968 versu
719 2925 878 2975 τιμήεις
920 2939 1009 2968 non
1054 2940 1141 2968 esse
1184 2939 1341 2968 nomen
1371 2925 1616 2981 proprium,
1663 2926 1734 2967 sed

140 3006 373 3064 epitheton.
406 3006 487 3051 cui
518 3008 680 3064 optime
711 3007 906 3049 monenti
938 3005 1121 3064 Oougny
1152 3021 1242 3050 non
1275 3006 1575 3063 obtemperans
1607 3007 1730 3063 inep-

141 3087 223 3132 tire
263 3088 427 3132 maluit.
469 3088 674 3133 Similiter
718 3088 827 3131 nihil
869 3089 1065 3145 cogitans
1110 3089 1194 3132 570
1213 3089 1241 3131 b
1283 3094 1377 3136 ταῖς
1413 3090 1586 3140 αὐταῖς,
1621 3088 1734 3144 quod

1519 3171 1540 3201 4
