2138 3580
1187 355 1240 396 76

643 474 917 530 μαλοκόμοι[ς
952 476 988 515 τ’
1021 473 1248 532 ἄνθοισ]αν·
1285 476 1350 516 ἐπ’
1383 473 1588 527 αΦριόεντι
1620 474 1662 515 δὲ
1693 473 1849 525 Νηρεὺς
1881 473 1966 517 κτὲ.

429 537 629 612 Supplevi
669 555 826 598 Mnem.
871 554 1011 606 1882,
1047 555 1131 597 396
1165 555 1344 597 formam
1375 554 1590 597 Aeolicam
1622 552 1807 596 ἄνθοισαν
1846 569 1893 593 =
1927 554 2000 598 ἀν-

429 637 596 687 θοῦσαν,
639 636 737 691 quia
780 635 955 677 verbum
998 636 1127 676 ἀνθεῖν
1162 635 1212 677 de
1244 621 1392 690 (juavis
1423 634 1686 677 abundantia
1718 637 1944 690 usurpatur
1975 649 2001 677 a

430 717 578 772 poetis.
626 741 677 748 —-
721 715 881 757 Ibidem
922 730 981 758 vs.
1030 716 1084 758 14
1118 729 1203 758 11011
1233 716 1342 758 male
1371 715 1477 758 Ellis
1508 730 1586 771 pro
1618 715 1875 769 ὑφάνασα
1906 729 2000 759 cor-

428 797 538 839 rexit
565 794 620 839 εὖ
645 797 886 849 Φάνασα.
921 795 989 838 Ad
1021 795 1377 843 ανέλυσα-νηδὺν
1409 796 1482 839 1.1.
1517 795 1676 838 contuli
1709 795 1896 849 γαστέρα
1928 799 2001 839 λῦ-

430 893 498 919 σεν
533 877 661 928 1035,
696 877 721 919 9
753 876 837 933 (ap.
871 876 1142 932 Kaibelium).

465 1040 533 1095 37,
569 1042 608 1082 3.
642 1041 854 1088 Αἰπειναῒς
884 1040 1058 1087 ἐλάταις
1092 1039 1215 1094 ἔρια-εν
1246 1041 1402 1092 βάτος·
1436 1041 1458 1089 ἧ
1490 1041 1565 1090 μὲν
1597 1039 1727 1083 ἔειπεν

642 1122 711 1164 καὶ
745 1125 842 1168 ναῦς
875 1122 945 1164 καὶ
979 1122 1090 1171 νηοὺς
1121 1122 1457 1172 τεμνομένην
1489 1121 1657 1164 τελέειν.

431 1201 676 1245 Accusativi
719 1203 777 1245 sic
817 1204 945 1259 positi
977 1218 1053 1259 pro
1086 1204 1375 1254 nominativo,
1408 1218 1533 1259 quem
1565 1202 1697 1258 proba
1727 1201 2004 1258 grammafica

431 1284 648 1338 postulat,
683 1285 795 1340 apud
827 1284 1087 1340 Byzantinos
1120 1284 1226 1339 alia,
1261 1284 1306 1326 ni
1336 1283 1485 1334 fallor,
1507 1283 1774 1339 reperiuntur
1798 1282 2024 1339 exempla„

463 1446 534 1497 47,
571 1445 643 1489 20.
675 1447 708 1489 εἰ
741 1446 782 1489 δὲ
818 1462 884 1489 κεν
917 1447 1104 1499 ἧμερινή,
1135 1446 1230 1489 τότε
1261 1462 1328 1488 κεν
1360 1447 1562 1498 βασιλῆες
1595 1443 1742 1497 ἄτιμον

681 1526 830 1570 ἕπονθ’
863 1527 1059 1579 ἡγεμόνες
1092 1544 1138 1569 τε
1171 1528 1263 1569 θεῶν
1295 1526 1542 1580 διομηνίῃ
1575 1527 1735 1579 ἐχθρῶν.

435 1608 680 1651 Absurdum
721 1609 971 1651 vocabulum
1016 1609 1119 1651 vitio
1163 1610 1312 1651 natum
1355 1610 1431 1650 est.
1464 1607 1604 1651 Codex
1634 1608 1848 1651 Mediceun
1879 1607 2010 1651 habet

437 1689 502 1732 δια
534 1689 700 1740 μηνίης,
735 1690 846 1732 unde
875 1690 1063 1745 corrigo:

646 1771 795 1814 ἕπονθ’
830 1772 1026 1822 ἡγεμόνες
1059 1787 1104 1813 τε
1138 1772 1230 1814 θεῶν
1264 1771 1347 1813 διὰ
1380 1773 1572 1822 μήνιας
1606 1771 1769 1824 ἐχθρῶν.

498 1933 567 1978 51.
648 1940 800 1987 Χαῖρε,
834 1935 1000 1987 μάκαρ,
1038 1935 1245 1985 πολύολβε
1281 1935 1394 1984 θεῶν,
1429 1935 1655 1986 ’Τπερεῑον,
1687 1931 1895 1976 ἁπάντων.

650 2016 820 2058 Πάντων
854 2016 936 2068 γὰρ
972 2017 1092 2069 φίλος
1126 2017 1262 2063 ἐσθλὸς
1299 2015 1404 2071 [ἐὼν]
1437 2014 1587 2068 πρόμος
1620 2014 1755 2056 ἐνθάδέ
1788 2012 1925 2062 ναίεις.

645 2097 791 2149 πατρὶς
822 2098 899 2148 ἐμὴ
920 2098 1073 2154 [π]οιεῦ
1093 2098 1218 2153 [σχ]ᾔ
1239 2097 1464 2153 [π]οὶν[τ]α
1481 2112 1532 2147 γε
1551 2094 1773 2151 πλ[ού]σια
1786 2128 1797 2143 ,
1817 2094 2010 2148 καρπούς.

436 2178 633 2220 Absurda
675 2181 777 2220 sunt
819 2194 880 2221 vs,
926 2180 951 2220 3
996 2179 1168 2222 editoris
1199 2177 1506 2233 supplementa.
1541 2175 1652 2218 Nam
1685 2175 1891 2219 Graecum
1925 2189 2012 2218 non

437 2262 501 2301 est
531 2258 670 2302 πάντα
702 2265 822 2312 σχεῖν
854 2261 1054 2311 πλούσια,
1087 2260 1280 2301 inaudita
1311 2260 1523 2301 structura
1553 2260 1665 2300 ποιεῦ
1697 2263 1783 2311 σχῇ
1817 2259 1860 2299 et
1888 2270 2010 2299 sensu

439 2354 598 2383 cassum
650 2357 715 2391 γε.
777 2340 840 2382 Ex
887 2340 1132 2396 apographo
1180 2343 2009 2382 ΠΛΤΡΙΟΕΜΗΡΟΙΝΘΥΕΚΗΛΑΝΡ-

438 2427 1030 2465 ΛΠΕΠΛΗΟΙΑΚΑΡΠΟΊὊ
1064 2421 1172 2463 nihil
1204 2421 1305 2463 certi
1337 2421 1513 2463 extundi
1543 2422 1695 2476 potest.
1729 2419 1855 2465 Lusi:

649 2504 811 2554 πατρίδ’
844 2503 921 2556 ε’μῇ
956 2502 1111 2544 ἕπίνευε
1144 2502 1193 2544 σὺ
1228 2502 1344 2553 μέτρ’
1376 2501 1590 2554 ἀπερείσια
1622 2503 1791 2553 καρποῦ.

503 2665 573 2708 52.
654 2664 790 2707 Huius
833 2665 1076 2709 DIOPHANTI
1120 2664 1316 2708 SPHETTH
1349 2665 1496 2720 hymni
1526 2665 1572 2706 in
1605 2663 1899 2719 Aesculapium
1931 2677 2014 2706 vss.

442 2745 586 2789 1-20
621 2746 766 2801 scripti
798 2748 898 2788 sunt
929 2746 1194 2800 anapaestico
1223 2748 1378 2799 metro,
1409 2745 1526 2787 cuius
1553 2745 1655 2787 haec
1683 2746 1747 2787 est
1765 2744 2014 2800 proprietas,

437 2832 485 2869 ut
517 2827 783 2882 singulorum
816 2827 1099 2868 membrorum
1132 2841 1203 2882 pes
1240 2826 1413 2869 ultimus
1444 2826 1609 2868 iambus
1641 2826 1724 2876 sit,
1757 2827 1923 2881 praeter
1954 2839 2013 2868 vs.

443 2909 494 2963 2,
528 2908 602 2963 qui
633 2910 697 2950 est
727 2908 994 2950 catalecticus

654 2989 882 3037 Ἀσκληπιὲ
913 2988 1108 3038 Λητοίδου
1140 2993 1241 3039 παῖ,

447 3071 520 3126 qui
551 3070 610 3112 sic
640 3070 882 3112 scribendus
914 3071 997 3111 est:
