2138 3580
1220 331 1276 375 96

631 453 770 505 μητέρι
804 454 1006 506 Παυλείνῃ
1038 453 1106 495 xx}
1140 453 1340 506 Μαμάλῳ
1375 453 1534 507 εὔφρονι
1569 455 1665 508 τήθῃ

636 534 837 588 Θεοφάνει
869 551 914 577 τε
949 536 1182 587 κασιγνήτῳ
1216 533 1367 588 ζακόρῳ
1398 536 1443 578 τὸ
1477 535 1563 588 πρὶν
1595 535 1723 589 οὶγνῷ.

548 617 601 659 10
636 617 772 658 Δῶκεν
804 617 846 670 ἑῇ
881 615 1021 670 πάτρᾳ
1054 614 1219 668 δηνάρια
1253 615 1378 667 μύριοι
1412 616 1566 673 'laio-con,

634 696 734 748 ἄξιοι
766 695 965 750 προγόνων
998 696 1062 746 ἠδὲ
1094 697 1232 748 γένους
1266 701 1393 739 τελῶν
1426 698 1481 740 τὰ
1516 697 1672 740 πάντα.

454 778 617 822 Ultima
657 779 784 821 verba
825 778 1009 820 numeris
1044 781 1213 830 carent,
1246 778 1327 821 nisi
1359 778 1470 820 forte
1501 779 1815 834 epigrammatis
1845 780 2023 824 recentis

431 862 665 901 -auctorem
699 858 900 912 προγόνων
934 859 1232 915 pronuntiasse
1263 859 1443 911 πρόγνων
1474 861 1517 901 et
1548 874 1641 902 cum
1676 860 1794 903 hiatu
1826 861 2028 904 τελέων
2097 898 2101 902 .

454 940 518 981 τὰ
553 937 768 982 ἅπαντα
802 939 892 995 (qui
922 939 1061 982 hiatus
1094 940 1256 995 saepius
1287 941 1399 996 apud
1426 941 1600 984 seriores
1627 944 1772 997 poetas
1799 942 2026 1000 reperitur)

454 1021 615 1063 dedisse
642 1024 852 1076 putamus.
881 1020 1061 1063 Versum
1089 1021 1202 1063 enim
1228 1021 1443 1064 hominem
1471 1036 1659 1078 pangere
1686 1023 1867 1067 voluisse
1883 1024 2025 1080 arguit

454 1102 572 1157 epica
597 1115 678 1144 vox
705 1101 785 1150 ἠδέ.
819 1101 1013 1144 Fortasse
1044 1102 1126 1144 tria
1160 1102 1459 1158 distinguenda
1490 1103 1818 1158 epigrammata,
1846 1117 2024 1160 quorum

452 1182 635 1238 primum
672 1183 786 1225 1-4
817 1183 1008 1225 continet
1038 1183 1362 1239 dedicationem,
1403 1184 1630 1226 secundum
1662 1183 1808 1237 (5—9)
1841 1195 2031 1227 comme·⁴

453 1266 589 1306 morat
630 1263 794 1306 Iasonis
832 1266 875 1306 et
906 1278 1075 1306 suorum
1107 1264 1332 1315 sacrificia,
1365 1264 1536 1306 tertium
1570 1264 1644 1319 (10
1662 1265 1743 1321 sq.)
1774 1265 2023 1321 pecuniam,

453 1359 581 1400 quam
614 1345 775 1400 patriae
807 1360 905 1387 suae
935 1345 1061 1387 Iason
1093 1345 1269 1401 largitus
1302 1348 1377 1388 est.
1413 1371 1468 1377 —-
1501 1345 1722 1401 Templum
1757 1347 1850 1391 Διὸς
1881 1352 2025 1390 Ποινα-

452 1426 606 1477 μοέρου,
654 1427 727 1482 qui
773 1441 833 1469 vs.
869 1428 895 1468 3
936 1426 1178 1478 πανημέριος
1223 1430 1412 1478 vocatur,
1457 1441 1569 1469 anno
1616 1428 1729 1470 1886
1775 1429 2028 1470 detexerunt

454 1505 615 1549 Gaston
641 1507 900 1563 Deschamps
927 1510 969 1550 et
996 1507 1179 1563 Georges
1206 1506 1359 1551 Cousin
1391 1508 1436 1550 in
1468 1523 1598 1564 eoque
1627 1511 1904 1565 reppererunt
1934 1522 2026 1551 am-

453 1587 564 1643 plius
594 1588 925 1643 quadringentos
956 1588 1118 1630 titulos.
1151 1588 1312 1644 Iupiter
1342 1589 1413 1631 ille
1446 1588 1494 1631 et'
1519 1589 1676 1631 Hecate
1707 1591 1830 1631 erant
1860 1587 2024 1632 Strato-

452 1668 595 1710 niceae
641 1669 684 1710 di
731 1669 942 1711 tutelares.
991 1668 1275 1712 Contulerunt
1316 1670 1496 1712 editores
1538 1669 1671 1712 Tacit.
1703 1669 1819 1713 Anu.
1852 1669 1918 1712 ΙΙΙ
1950 1669 2022 1713 62.

451 1749 514 1792 De
553 1748 744 1806 Comyria
775 1753 851 1802 (vs.
890 1749 949 1806 5),
982 1748 1129 1792 Cariae
1162 1751 1339 1806 oppido,
1374 1751 1458 1792 vid.
1491 1750 1602 1794 Bull.
1635 1750 1723 1793 XII
1755 1749 1841 1794 272
1859 1765 1921 1806 sq.
2001 1780 2005 1799 ι,

1199 1917 1277 1959 ΠΙ.

509 2075 664 2119 Bullet.
709 2076 750 2118 d.
793 2074 839 2118 O.
876 2074 930 2119 H.
964 2075 1052 2118 XII
1087 2074 1186 2117 246.
1230 2073 1424 2116 Titulum
1454 2076 1672 2116 exaratum
1705 2087 1784 2116 sec.
1817 2072 1880 2115 IV
1913 2075 2022 2128 part.

450 2158 524 2200 alt.
568 2173 592 2200 a
634 2157 734 2199 Chr.
767 2157 954 2212 repperit
985 2156 1030 2198 in
1062 2155 1204 2198 Laurii
1234 2155 1389 2197 montis
1423 2154 1748 2210 argentifodinis
1781 2153 1834 2196 V.
1867 2153 2023 2196 Berard

451 2241 493 2280 et
524 2238 583 2280 sic
614 2237 769 2280 edidit:

1002 2318 1187 2364 Ἀτώτοις
1221 2317 1469 2367 μεταλλεύς.

631 2399 783 2442 Πόντου
815 2400 890 2441 ἀπ’
924 2398 1112 2449 Εὐξείνου
1145 2399 1392 2450 Παφλαγὼν
1424 2397 1662 2449 μεγάθυμος
1696 2398 1883 2444 Ἀτώτοις

690 2477 732 2528 ἧς
766 2480 894 2531 γαίας
928 2480 1016 2531 (sic)
1047 2481 1171 2526 τηλοῦ
1203 2478 1304 2530 σῶμ’
1338 2478 1546 2520 ἀνέπαυσε
1576 2478 1714 2520 πόνων.

631 2562 772 2614 Τέχνῃ
803 2560 837 2603 δ’
869 2561 976 2608 οὔτις
1010 2558 1132 2614 ἔριζε·
1167 2559 1442 2608 Πυλαιμενέος
1474 2560 1507 2602 δ’
1541 2561 1622 2602 ἀπὸ
1651 2558 1756 2614 ῥίζης

690 2642 790 2693 εἴμ’,
823 2639 863 2696 ὃς
896 2643 1121 2694 Ἀχιλλῆος
1151 2641 1256 2693 χειρὶ
1290 2624 1434 2691 &maele
1470 2639 1614 2682 ἔθανεν.

450 2723 657 2779 Apposite
696 2722 833 2764 editor
873 2722 1021 2764 attulit
1059 2721 1214 2777 Dictyn
1257 2720 1497 2764 Cretensem
1532 2720 1598 2763 III
1629 2721 1679 2764 5:
1723 2720 1897 2763 Achilles
1929 2719 2021 2777 Py-

451 2805 670 2847 laemonem
729 2818 860 2859 reyem
905 2804 1127 2846 comminus
1163 2803 1296 2859 fudit.
1348 2801 1533 2844 Fabulae
1578 2800 1674 2843 fons
1723 2800 1806 2842 fuit
1849 2813 2018 2843 carmen

448 2885 675 2941 cyclicum,
719 2899 818 2926 nam
854 2884 965 2939 apud
997 2883 1230 2926 Homerum
1262 2883 1481 2926 Menelaus
1511 2882 1809 2938 Pylaemonem
1853 2879 2020 2924 occidit.

451 2966 532 3009 Sed
578 2965 733 3008 iniuria
778 2965 889 3007 idem
935 2964 1194 3020 comparavit
1240 2964 1378 3007 locum
1424 2963 1724 3019 Xenophontis
1770 2964 1818 3004 de
1872 2961 2019 3017 Vectiy.

450 3045 513 3090 IV
545 3046 602 3089 22
645 3041 679 3089 οἳ
719 3047 775 3099 τῷ
816 3048 976 3096 σώματι
1015 3045 1089 3095 μὲν
1130 3045 1221 3088 οὔτε
1267 3044 1446 3086 δύναιντ’
1489 3042 1538 3086 ἂν
1580 3042 1850 3096 ἐργάζεσθαι,
1894 3048 1943 3095 τῇ
1977 3042 2019 3084 δὲ
