2138 3580
1191 344 1246 385 60

427 459 647 503 Sententia
690 463 754 503 est
796 463 918 512 τιμὴν
960 462 1046 513 ἴσην
1090 471 1152 519 τῇ
1185 468 1275 508 τοῦ
1307 466 1429 517 βίου
1461 472 1617 522 τιμῇ,
1647 466 1789 522 itaque
1821 466 1999 523 requiri-

426 543 517 584 tur:
551 540 639 592 ἴσην
671 543 1034 601 βι’[ωι]-τιμήν.
1070 544 1134 590 Of.
1169 546 1328 615 Mnem.
1365 547 1502 604 1882,
1539 548 1637 590 399.

487 701 596 754 722,
618 703 658 745 9.
693 705 751 755 μή
783 721 830 746 σε
861 703 977 757 λάβῃ
1008 705 1211 759 πυρόεσσα
1244 707 1368 761 κρίσις
1403 709 1698 759 aemesam
1731 711 1908 763 γεέννης.

427 781 607 825 Videtur
653 785 861 833 δεινήεσσα
911 786 1028 842 (nam
1075 787 1264 837 δινήεσσα
1312 803 1400 831 non
1445 791 1510 832 est
1549 790 1673 833 huius
1715 790 1813 846 loci)
1850 789 1999 836 vitium

428 863 603 906 traxisse
635 878 657 906 e
688 879 931 921 praegresso
961 867 1178 920 πυρόεσσα.
1208 869 1375 913 Clamat
1401 870 1510 912 enim
1529 871 1740 914 sententia
1755 886 1850 914 cum
1866 874 2001 917 metro
2030 915 2039 922 „

427 944 724 1000 corrigendum
767 961 854 989 esse
898 948 1040 997 δεινή
1088 950 1130 1005 [τ
1144 951 1179 1006 ε]
1214 951 1389 1001 γεέννης.
1425 950 1498 993 Vs.
1536 951 1590 994 12
1625 950 1759 1003 unz}
1791 969 1880 1004 μιν
1911 952 1999 996 for-

425 1027 536 1068 tasse
568 1018 935 1081 operarum-error
967 1032 1030 1072 est
1060 1044 1136 1085 pro
1168 1031 1296 1081 μηδὲ
1330 1032 1435 1083 μὲν.

430 1190 528 1243 728,
563 1194 602 1236 3.
636 1193 791 1241 Βάσσος
823 1195 983 1247 τύμβον
1016 1195 1194 1249 ἔτευξεν,
1228 1198 1415 1251 ἕρισθενὲς
1448 1196 1552 1251 ἕρμα
1583 1199 1759 1250 πόληος,

696 1269 736 1317 ὃν
766 1276 875 1327 βαθὺ
909 1282 1039 1329 γῆρας
1073 1275 1154 1321 ἕλοι
1187 1278 1310 1321 τέκνα
1343 1296 1388 1321 τε
1422 1280 1651 1332 γηθόμενον.

426 1352 656 1397 Construe:
692 1354 731 1398 ἓν
763 1357 885 1400 τέκνα
918 1374 961 1400 τε
995 1358 1106 1409 βαθὺ
1140 1365 1269 1413 γῆρας
1304 1358 1384 1403 ἐ’λοι
1416 1361 1646 1412 γηθόμενον.
1681 1361 1830 1418 Sperat
1861 1363 2000 1419 sepul-

425 1436 484 1478 cri
526 1437 720 1480 conditor
763 1438 917 1481 Bassus
935 1471 945 1491 ‚
979 1439 1069 1482 fore
1102 1443 1150 1482 ut
1182 1441 1271 1496 ipse
1302 1442 1534 1497 longaevus
1566 1443 1771 1486 moriatur
1801 1444 2000 1487 eandem-

427 1531 508 1573 que
538 1520 694 1560 sortem
725 1523 921 1574 precatur
952 1520 1096 1564 liberis
1129 1523 1237 1574 suis,
1271 1537 1448 1578 quorum
1479 1537 1655 1579 corpora
1687 1524 1917 1579 aliquando
1948 1525 1994 1568 in

426 1599 571 1641 eodem
613 1600 803 1655 sepulcro
846 1602 1076 1656 quiescent.
1136 1602 1349 1646 Sermonis
1390 1604 1623 1647 obscuritas
1663 1605 1837 1660 pessimi
1867 1606 1997 1648 versi-

424 1678 514 1722 ficis
541 1679 748 1723 infantiae
770 1681 1019 1737 imputanda
1045 1685 1120 1725 est.
1149 1683 1416 1739 Ineptissime
1433 1698 1547 1727 more
1559 1699 1639 1730 suo
1655 1685 1784 1728 vertit
1801 1683 1997 1742 Oougny.

431 1847 529 1899 746,
551 1848 618 1891 17.
637 1848 704 1890 καὶ
737 1850 793 1900 τῷ
827 1849 993 1902 παρόντι
1025 1850 1345 1894 κατακαλύπτει
1385 1851 1479 1909 [τῷ]
1514 1852 1650 1906 ταφῳ.

423 1927 529 1970 Tam
570 1930 848 1984 grammatica
890 1945 1015 1986 quam
1059 1946 1201 1974 versus
1233 1933 1394 1988 politici
1426 1933 1534 1976 ratio
1565 1934 1742 1975 damnat
1772 1933 1997 1976 articulum

424 2009 602 2064 pessime
633 2011 872 2065 repetitum.

425 2164 726 2222 747,22.³Ap'
758 2168 850 2220 οὐχὶ
884 2169 1163 2221 παρασχοισθε
1195 2170 1267 2218 τὴν
1306 2170 1454 2223 μικρὰν
1491 2171 1640 2223 χάριν;

632 2244 693 2301 αἶρ’
727 2249 820 2301 οὐχὶ
855 2249 1148 2300 &negaturos
1180 2250 1248 2293 τὸν
1278 2250 1446 2305 βραχὺν
1478 2250 1612 2304 λόρονε,

422 2327 621 2384 Intellegi
654 2329 804 2384 nequit
834 2330 940 2372 alter
972 2330 1221 2382 versiculus,
1256 2334 1298 2374 et
1330 2334 1428 2387 apto
1463 2346 1587 2374 sensu
1619 2333 1734 2374 caret
1763 2332 1895 2375 versio
1913 2331 1996 2376 La-

424 2408 515 2450 tina
547 2423 720 2451 »nonne
754 2410 1011 2453 subieceritis
1044 2411 1212 2453 brevem
1247 2414 1512 2454 sermonem?
1543 2411 1745 2468 Corrige‚
1778 2413 1920 2456 sodes:

633 2485 697 2542 αἶρ’
732 2491 825 2543 οὐχὶ
859 2490 1222 2548 ὑπα[ιδ]οῖσθε
1255 2492 1321 2534 τὸν
1353 2491 1519 2545 βραχὺν
1554 2492 1702 2544 λόγονς

359 2613 361 2615 ,
424 2569 449 2611 i.
472 2584 506 2613 e.
550 2569 699 2613 Nonne
745 2573 1009 2614 revereamini
1040 2573 1194 2615 brevem
1227 2574 1405 2627 (meum)
1436 2575 1691 2617 sermonem?
1732 2574 1820 2617 scil.
1853 2589 1997 2631 preces

422 2665 560 2701 meas,
597 2653 644 2693 ut
676 2666 729 2693 ne
761 2651 899 2694 aliena
932 2666 1025 2695 ossa
1056 2667 1151 2695 cum
1184 2654 1284 2695 meis
1316 2654 1583 2698 misceantur.
1608 2655 1715 2698 Vide
1738 2669 1994 2711 praegressa.

420 2731 572 2774 Hiatus
618 2732 722 2775 istos
770 2733 977 2775 versifices
1024 2748 1111 2776 non
1162 2735 1297 2790 magis
1340 2738 1528 2777 moratur
1569 2750 1695 2791 quam
1739 2735 1994 2792 syllabarum

423 2814 650 2870 quantita-²3.

425 2972 523 3026 748,
562 2973 599 3014 7.
635 2974 683 3014 Ὁ
717 2972 749 3014 δ’
785 2973 1021 3025 Ἰανουσὶριος
1054 2969 1166 3026 εἶχεν
1201 2974 1351 3024 ἡμέραν

631 3055 701 3102 τὴν
739 3053 926 3105 ἐσχάτην
958 3069 1003 3095 τε
1038 3055 1105 3095 καὶ
1140 3053 1384 3096 τελευταίαν
1419 3052 1594 3103 μόνην.
