2138 3580
638 890 1177 951 ADNOTATIONES
1217 891 1315 950 AD

136 1035 138 1037 ’
178 1032 659 1084 EPIGRAMMATUM
691 1033 1114 1083 ANTHOLOGIAM
1146 1033 1269 1082 VOL.
1302 1034 1378 1082 III
1411 1034 1500 1083 ΕΙ).
1532 1034 1775 1087 C'OUGNY.

826 1370 896 1413 AD
927 1384 1061 1413 CAPUT
1092 1370 1126 1412 Ι.

242 1518 312 1564 17.
361 1524 452 1562 Παῒ
482 1518 601 1571 Διός,
638 1518 877 1571 Ἐκφάντου
910 1516 1023 1567 δέξαι
1057 1517 1143 1560 τόδ’
1177 1518 1376 1571 ἀμεμφὲς
1413 1517 1631 1570 ἄγαλμα·

360 1601 421 1644 σο)
455 1601 539 1654 γὰρ
571 1602 850 1655 ἐπευχόμενος
884 1603 995 1643 τοῦτ’
1030 1599 1361 1650 ἐξετέλεσσε
1395 1607 1641 1654 τροπῇον.

179 1683 307 1740 Lapis
354 1683 485 1726 habefn
521 1683 754 1726 rectissime
786 1689 1095 1726 ΕΤΕΛΕΣΣΕ
1130 1688 1436 1734 ΓΡΟΠΗΩΝ,
1469 1682 1497 1725 i.
1517 1697 1552 1724 e.
1586 1682 1779 1724 ἐτέλεσσε

180 1763 344 1820 γράφων
378 1766 444 1822 (=
463 1764 656 1821 γράφων)
690 1764 788 1809 Vid.
822 1764 1001 1816 Lomw,
1033 1764 1290 1822 Inschrzften
1319 1766 1361 1808 d.
1401 1762 1478 1807 Gr.
1513 1764 1570 1806 B.
1604 1779 1646 1820 p.
1683 1764 1724 1807 8.

242 1932 312 1975 34.
360 1930 500 1974 Πύθων
532 1932 664 1984 Ἐρμῇ
697 1929 886 1982 ἄγαλμα
922 1929 1228 1982 Ἐρμοστρατου
1264 1929 1510 1982 Ἀβδηρίτης

357 2012 526 2063 ἔστησεν
559 2013 720 2059 πολλὰς
757 2012 1064 2063 θησάμενος
1100 2011 1261 2061 πόληας
1296 2012 1342 2068 (i.
1362 2026 1396 2055 e.
1431 2012 1612 2064 πόλιας).
1649 2012 1733 2053 κτὲ.

177 2095 254 2140 VS.
287 2095 315 2139 2
357 2095 583 2146 θησάμενος
603 2108 651 2131 =
670 2093 930 2146 θεησάμενος.
976 2094 1178 2150 Python,
1210 2093 1319 2136 alter
1350 2093 1518 2143 Ulixes,
1553 2093 1677 2135 πόλλ’
1712 2095 1778 2134 αν-

182 2178 341 2234 θρώπων
388 2177 469 2220 ἴδεν
510 2176 673 2229 ἄστεα,
717 2191 824 2234 quae
865 2177 959 2232 ipsa
1000 2177 1178 2219 Homeri
1211 2175 1340 2219 verba
1374 2175 1428 2217 ab
1460 2175 1784 2231 epigrammatis

183 2262 357 2304 auctore
404 2259 557 2316 respici
604 2259 742 2302 credo.
791 2257 974 2315 Gougny
1019 2258 1246 2300 absurdam
1290 2259 1559 2300 commentus
1601 2256 1784 2299 formam

185 2340 407 2394 θησάμενος
427 2356 475 2378 =
495 2342 680 2393 θέμενος,
714 2343 830 2397 quod
864 2343 1010 2387 κτίσας
1046 2340 1280 2396 significet,
1314 2340 1458 2395 inepte
1485 2339 1616 2382 vertit
1643 2339 1784 2381 »mul-

185 2425 253 2467 tas
299 2437 393 2466 cum
439 2425 684 2467 condidisset
731 2422 910 2473 urbes”;
954 2424 1070 2478 quod
1114 2422 1149 2464 si
1190 2424 1253 2464 ita
1294 2423 1424 2472 esset,
1460 2421 1602 2477 Pytho
1635 2420 1784 2476 procul

186 2504 317 2549 dubio
365 2519 454 2548 non
499 2505 613 2548 foret
660 2507 749 2548 tam
798 2504 1027 2556 obscurus,
1075 2507 1123 2546 ut
1170 2504 1296 2546 hodie
1342 2503 1436 2559 quis
1483 2502 1615 2545 fuerit
1656 2516 1781 2545 nemo

185 2587 366 2631 noverit.

185 2753 258 2805 43,
276 2751 319 2798 2.
368 2753 438 2796 καὶ
472 2758 776 2806 Καμαριναῖος·
811 2752 948 2807 πρόσθ’
982 2752 1057 2806 ἄρ’
1091 2753 1110 2794 ε’
1142 2752 1358 2807 Μαντινέα

370 2835 520 2889 Κρίνιος
555 2835 636 2882 υἱὸς
670 2833 813 2879 ἔναιεν.

186 2915 271 2960 Pro
313 2922 372 2969 E,
419 2916 533 2973 quod
582 2919 646 2959 est
689 2916 735 2958 in
777 2916 917 2973 lapide
959 2915 1225 2972 habeturque
1268 2928 1344 2971 pro
1389 2913 1530 2956 forma
1562 2913 1785 2956 dialectiea

185 2997 512 3056 praepositionis
545 2998 599 3054 ε’ν,
635 2998 784 3049 editor,
819 3012 873 3040 ne
906 2997 1069 3040 monito
1101 2997 1273 3054 quidem
1311 2996 1493 3052 lectore,
1526 2997 1675 3038 eontra
1702 3010 1784 3037 nu-

186 3094 323 3124 meros
354 3080 544 3137 reposuit
575 3081 628 3124 ἐν.
