2138 3580
1215 355 1270 396 80

453 476 611 519 Iniuria
653 477 843 519 Piecolus
883 478 1063 520 coniecit
1104 477 1221 531 αὕτη.
1257 478 1386 520 Ludit
1417 479 1529 521 enim
1562 479 1757 534 poetulus
1787 480 1832 522 in
1865 479 2022 536 duplici

452 558 493 600 vi
534 558 647 600 vocis
691 564 832 601 APHC
846 590 856 610 ‚
901 573 1007 614 quae
1049 559 1173 601 simul
1215 560 1306 603 belli
1347 562 1465 603 deum
1508 562 1551 602 et
1581 560 1727 602 bellum
1759 575 1791 602 s.
1819 560 2025 619 proelium

448 638 684 694 signifieat,
724 640 784 682 ita
825 643 874 682 ut
916 640 954 681 ἐν
987 641 1116 694 ἐαυτῷ
1150 640 1206 682 sit
1236 643 1280 683 in
1307 657 1462 698 puyna.
1496 640 1678 683 Pessime
1710 639 1890 697 Cougny
1921 641 2025 698 »qui

450 720 618 776 quidem
659 721 703 763 in
737 722 779 763 te
808 721 899 776 ipso
933 721 1078 763 habens
1108 721 1236 763 robur
1268 721 1509 763 melioribus
1540 735 1628 763 non
1662 721 1865 776 praebes”
1879 752 1890 772 ‚
1924 735 2023 764 nam

448 802 592 844 addito
623 803 769 844 habens
799 802 1017 858 iugulatur
1048 803 1283 854 sententia,
1314 817 1421 858 quae
1453 803 1625 845 minime
1658 805 1721 845 est
1752 802 1944 846 obscura.

481 964 551 1015 84,
570 968 625 1015 y'.
661 964 803 1017 Ξέρξης
837 965 877 1008 δὲ
910 964 1076 1007 πάλιν
1108 965 1216 1007 δυσὶν
1250 965 1431 1014 ἡττηθεὶς
1464 964 1632 1018 μάχαις

660 1046 852 1089 πέπεικεν
885 1048 995 1095 ἡμᾶς
1030 1047 1180 1089 ἀδικεῖν
1212 1047 1268 1097 μὴ
1301 1045 1368 1087 τὸν
1401 1045 1547 1090 πέλοις.

448 1125 583 1168 Sensu
622 1141 785 1169 cassum
818 1129 882 1170 est
913 1128 1053 1170 πάλιν.
1088 1127 1351 1183 Byzantinus
1384 1128 1597 1182 poetaster
1629 1125 1870 1168 doctrinam
1901 1139 2018 1168 suam

448 1209 668 1250 ostentans
700 1209 838 1260 dedit,
872 1209 907 1251 si
939 1209 1041 1265 quid
1072 1209 1214 1259 video,
1250 1210 1431 1257 παλήν
1465 1207 1559 1263 (pro
1585 1207 1767 1263 βαλήν),
1796 1206 2022 1262 reoe,quod

449 1289 600 1331 sumsit
647 1304 697 1331 ex
742 1290 836 1345 ipsa
881 1289 1104 1332 Persarum
1143 1277 1313 1346 fabula,
1363 1289 1409 1331 in
1457 1303 1583 1344 quam
1630 1288 1711 1330 hoo
1759 1287 2022 1343 epigramma

452 1371 614 1425 panxit.
648 1370 850 1413 Similiter
882 1371 1024 1426 Bergk
1049 1386 1177 1427 supra
1201 1371 1222 1413 I
1253 1372 1350 1422 183,
1381 1371 1407 1413 6
1425 1370 1564 1419 παλήν
1582 1384 1659 1426 pro
1679 1369 1816 1415 πάλην
1835 1367 2024 1412 restitnit

449 1451 656 1506 probante
702 1451 894 1494 Kaibelio
942 1465 1039 1507 pag.
1090 1451 1200 1502 311,
1248 1452 1340 1494 coll.
1391 1450 1532 1494 Schol.
1575 1450 1723 1494 Aeseh.
1768 1450 1883 1492 Pers.
1917 1448 2020 1492 659.

453 1538 633 1575 ΠΑΛΙΝ
677 1532 785 1574 nihil
815 1533 930 1575 aliud
963 1535 1027 1575 est
1056 1548 1182 1588 quam
1215 1533 1326 1575 mala
1356 1531 1662 1588 orthographia
1692 1539 1769 1586 pro
1802 1533 2018 1573 HAAHN.

510 1694 579 1746 85,
614 1695 639 1736 5
671 1710 731 1751 sq.
767 1694 967 1751 Corrigo:

660 1777 727 1818 καὶ
762 1777 842 1827 μὴν
875 1776 1092 1830 εὐφρονέων
1126 1792 1186 1824 τις
1221 1776 1566 1832 αγάῇσεται]
1597 1774 1780 1818 δαίδαλα
1811 1772 1915 1827 ἔργα

657 1844 779 1907 τῆσδε
835 1859 909 1914 (se.
954 1862 1134 1907 Γαληνοῦ
1178 1857 1347 1910 βίβλου)
1389 1859 1524 1908 μαθὼν
1558 1853 1660 1898 ὅσσα
1693 1855 1819 1908 πλέξε
1850 1855 2013 1909 φύσει

1751 1936 1854 1994 [(6)
1885 1935 2012 1984 θεός.

442 2020 656 2076 Vulgatur
686 2021 778 2063 sine
810 2023 943 2063 metro
977 2024 1020 2063 et
1049 2036 1174 2063 sensu
1206 2021 1385 2072 οὶγαθα
1418 2023 1460 2062 et
1490 2020 1653 2072 Φύσει
1687 2019 1817 2067 θεός.
1853 2017 2015 2070 Ἀγάσ-

441 2118 583 2150 σεται,
617 2103 941 2158 pronuntiatum
975 2104 1036 2155 (et
1068 2102 1244 2144 fortasse
1277 2103 1498 2157 seriptum)
1526 2101 1768 2153 οὶγοὶσσετε,
1789 2099 1901 2156 apud
1926 2098 2013 2156 By-

446 2183 641 2225 zantinos
675 2183 869 2225 ultimam
902 2183 1107 2239 syllabam
1139 2183 1346 2238 corripere
1377 2184 1529 2238 potest.
1563 2181 1662 2224 Vid.
1693 2181 1747 2223 ad
1781 2179 1878 2224 132.

503 2345 574 2397 95,
608 2345 647 2387 2.
681 2347 797 2388 ἀλλὰ
829 2346 1142 2396 μελιτΤόεσσαν
1174 2345 1297 2388 ὧδΙνει
1328 2345 1463 2398 χάριν.

442 2427 494 2469 In
538 2442 660 2469 versu
699 2427 872 2483 politico
915 2428 983 2483 (ef.
1030 2443 1091 2470 vs.
1140 2428 1181 2483 l)
1226 2429 1405 2469 metrum
1448 2441 1535 2469 non
1569 2426 1732 2482 indiget
1760 2426 1891 2481 longa
1923 2423 2010 2480 syl-

438 2507 559 2560 laba,
590 2523 719 2563 quare
749 2508 975 2564 legendum
1007 2508 1292 2559 μελιτόεσσαν.

504 2669 602 2719 101,
625 2669 693 2711 18.
713 2669 857 2724 Στῆθι,
879 2669 1002 2721 πέραν
1021 2672 1078 2719 μὴ
1108 2670 1247 2722 ζήτεε,
1278 2670 1558 2721 δυσβατόν
1587 2669 1783 2712 ἔστιτὸ
1812 2669 2006 2722 πόρσω,

713 2751 805 2791 καί
846 2766 909 2801 γε
952 2755 1143 2803 σοφοῖς
1186 2751 1357 2793 πᾶσίν
1400 2752 1438 2792 τ’
1483 2750 1711 2804 ἀσόφοις
1758 2749 1911 2798 κενὸς
1957 2747 2008 2798 ὅς

1608 2832 1687 2887 [γε
1720 2829 2006 2883 ματεύσει.

440 2911 580 2953 Paene
620 2911 673 2953 ad
718 2912 889 2954 verbum
931 2912 1033 2954 haee
1076 2915 1216 2955 sumta
1259 2915 1360 2955 sunt
1391 2927 1413 2954 e
1446 2912 1577 2955 nobili
1607 2912 1782 2955 Pindari
1812 2911 1904 2955 loeo
1937 2911 2007 2955 Vl.

438 2991 505 3034 III
534 2994 662 3035 extu:
695 2993 750 3034 τὰ
784 2994 913 3045 πόρσω
948 2992 982 3034 δ’
1014 2993 1099 3035 ἔστι
1130 2997 1268 3046 σοφοῖς
1297 2991 1457 3044 ἄβατον
1485 2993 1693 3046 κάσόφοις.
1712 2993 1758 3035 οὔ
1772 3009 1840 3044 μιν
1858 2993 2004 3044 διώξω·

440 3072 563 3120 κεινὸς
605 3072 709 3124 εἴηνς
754 3075 865 3115 unde
910 3076 1086 3129 apparet
1122 3074 1322 3116 editorem
1355 3074 1590 3116 Parisinum
1623 3074 1730 3116 male
1760 3074 1888 3117 verba
1919 3074 2005 3118 dis-
