2138 3580
903 320 956 362 41

138 444 305 488 Mnem:
335 444 477 497 1882,
510 460 552 501 p.
587 444 672 488 389
706 443 962 487 scribebam:
998 441 1084 485 Gur
1115 442 1204 484 vita
1235 441 1432 494 Admeti,
1464 441 1544 484 viri
1578 441 1730 498 optimi

135 528 180 570 et
219 525 492 592 nobilissimi,
537 526 656 569 cuius
697 526 889 582 ploratur
929 524 1080 568 acerba
1112 538 1250 575 mors,
1283 525 1459 567 vocetur
1489 522 1727 577 ῥιγεδανός,

138 621 227 651 non
270 611 461 665 apparet.
505 607 706 664 Suspicor
748 607 882 664 igitur
922 609 1092 663 poetam
1107 637 1118 656 ,
1162 620 1284 648 usum
1316 604 1453 648 forma
1486 604 1703 647 communi
1719 636 1729 656 ‚

136 689 304 734 dedisse
334 689 785 744 μοῖραν-ῥιγεδανὸΝ.

186 837 287 882 395.
320 837 454 896 Tap]
488 837 770 892 μεγάλαυχον
802 837 980 895 ὃ[ρ]ᾷ[ς]
1001 871 1010 881 .
1033 870 1042 879 .
1064 869 1072 879 .
1096 868 1106 878 .
1139 835 1317 893 οὔνο[μ’]
1354 835 1562 891 ἀνέγνως,

323 916 374 966 οἷς
407 919 522 966 κλέος
557 921 598 963 ἐν
632 921 770 974 Κρήτᾳ
802 919 1071 970 μίμνετικι
1107 918 1326 961 ἀθάνατον.

142 1000 266 1044 Prior
295 1015 441 1044 versus
471 1001 532 1044 sic
563 1003 704 1058 potest
737 1001 920 1058 expleri:

322 1082 415 1126 Τὸιν
447 1082 730 1136 μεγάλαυχον
761 1083 854 1138 δρᾷς
888 1082 1019 1140 [ξένε,
1053 1082 1186 1133 τάνδ’,
1221 1078 1292 1138 οἷς]
1328 1081 1463 1133 οὔνομ’
1495 1079 1688 1132 ἀνέγνως.

142 1163 196 1206 In
236 1163 468 1220 posteriore
509 1164 581 1207 vix
623 1179 775 1207 sanum
807 1164 971 1207 videtur
1003 1164 1228 1218 μίμνεταιι,
1262 1163 1425 1206 dictum
1458 1177 1536 1219 pro
1570 1161 1726 1214 μίμνει.

140 1244 432 1302 Expectabam
491 1248 778 1297 λείπεται,
836 1247 907 1289 sed
964 1246 1142 1289 fortasse
1189 1245 1329 1288 lenius
1377 1231 1588 1300 corrigere
1634 1244 1734 1286 licet

145 1327 475 1386 [ymnum

199 1475 312 1528 400,
347 1475 390 1519 2.
423 1475 611 1519 Mettum
642 1475 834 1531 postulat
865 1473 1156 1531 ἐξήρπασ[σ]ε.

104 1622 111 1628 “
141 1625 243 1677 401,
279 1624 349 1669 13.
383 1625 446 1672 τίς
478 1625 519 1668 δὲ
552 1624 671 1678 κόραις
703 1623 952 1677 ἀδάκρυτος,
986 1573 1085 1666 ὅτε
1116 1622 1232 1675 φρενὶ
1267 1621 1423 1674 πότμον
1457 1627 1701 1672 ΑΝΕΧΟῙ;

142 1705 483 1750 ›Restituimus”
517 1706 579 1749 ait
611 1705 790 1763 Cougny
820 1705 1043 1761 »ἀνέσχοι,
1069 1705 1184 1761 quod
1207 1704 1309 1747 satis
1337 1704 1531 1760 intellegi
1547 1702 1733 1759 potest.”

140 1787 352 1845 Ambigo‚
400 1789 544 1832 utrum
581 1787 771 1845 ineptius
812 1788 868 1831 sit
909 1788 1049 1844 ipsum
1082 1787 1260 1830 verbum
1293 1801 1348 1828 an
1382 1785 1565 1842 optativi
1596 1784 1734 1828 forma

137 1871 431 1927 augmentata.
474 1868 585 1920 Quid
617 1870 751 1913 lateat
783 1884 872 1912 non
905 1871 1085 1926 exput03
1119 1883 1270 1925 parum
1303 1868 1416 1911 enim
1449 1867 1591 1924 placet
1621 1867 1734 1923 quod

138 1950 462 1994 dubitabundus
504 1951 730 2008 proposuit
772 1950 925 1993 Kaibel
967 1951 1119 1994 ἀκούοι.
1164 1949 1364 1994 Ceterum
1408 1949 1624 2006 optativus
1655 1962 1735 2005 pro

137 2033 414 2076 coniunctivo
447 2032 679 2090 Byzantini
711 2035 776 2075 est
805 2033 1024 2075 sermonis.

185 2190 288 2235 404.
322 2191 519 2248 Μνήμης
552 2188 668 2234 ἕκατι
702 2191 819 2240 τήνδε
858 2192 875 2234 ὃ
908 2189 1174 2244 Ἀλέξανδρος
1208 2191 1317 2243 σορὸν
1350 2190 1434 2232 κτὲ.

139 2271 210 2315 Ita
239 2271 394 2316 Kaibel
423 2287 603 2330 quoque.
638 2274 796 2328 Aperte
827 2275 973 2315 tamen
1005 2271 1210 2315 articulus
1243 2272 1448 2314 delendus
1481 2273 1556 2316 est.

143 2430 246 2482 405,
265 2429 305 2474 5.
325 2429 407 2487 Of„
441 2431 477 2474 si
508 2431 622 2474 tanti
653 2433 742 2487 est,
777 2446 883 2488 quae
919 2430 1070 2487 scripsi
1102 2431 1261 2474 Mnem.
1299 2430 1444 2483 1882,
1476 2446 1518 2487 p.
1554 2431 1660 2473 398.

147 2578 250 2630 410,
270 2579 310 2622 3.
327 2580 523 2632 μύρονται
559 2579 593 2621 δ’
625 2579 858 2633 ἀδελφοὶ
894 2583 1043 2630 Μηνᾶς
1076 2580 1146 2623 καὶ
1182 2580 1371 2633 Δάψιλος
1406 2580 1554 2634 ἄμφω.

142 2658 277 2703 Facili
317 2661 492 2717 negotio
537 2661 663 2704 miser
707 2660 888 2704 versifex
931 2663 1084 2705 vitium
1128 2663 1352 2705 metricum
1399 2662 1600 2705 evitasset
1644 2661 1742 2704 scri-

140 2741 283 2784 bendo
326 2743 521 2795 μύρονται
565 2743 616 2786 δὲ
637 2742 850 2796 ,κάσεις
884 2746 968 2787 κτὲ.
1002 2744 1100 2788 Iure
1132 2747 1274 2787 autem
1309 2744 1462 2787 Kaibel
1495 2743 1738 2801 repudiavit

153 2822 338 2867 Heckeri
385 2825 688 2869 coniecturam.
736 2825 797 2869 Vs
847 2826 872 2868 5
921 2827 1012 2870 καθ’
1057 2824 1184 2880 ὥραν,
1228 2828 1342 2883 quod
1387 2827 1568 2869 absurde
1613 2826 1742 2869 vertit

149 2903 331 2963 Cougny
366 2922 449 2964 pro
490 2915 642 2958 aetate,
689 2907 904 2963 significat
934 2911 1047 2952 omm'
1078 2909 1204 2960 hora,
1236 2909 1264 2951 i.
1284 2923 1318 2951 e.
1353 2924 1533 2966 semper,
1567 2909 1616 2951 ut
1647 2908 1739 2950 xxO'

152 2986 304 3042 ἡμέραν
345 2990 410 3032 est
450 2991 651 3047 quotidie,
697 2991 795 3033 κατ’
829 2989 915 3039 ἔτος
949 2993 1192 3049 quotannis,
1227 2993 1325 3034 cett.
1359 2991 1479 3034 Idem
1512 2991 1599 3033 410
1618 2990 1650 3042 β
1667 3022 1676 3042 ,
1713 2988 1738 3032 5

150 3069 266 3112 κατὰ
294 3075 464 3124 μοῖραν,
492 3071 519 3113 i.
537 3085 572 3115 e.
589 3072 684 3128 fati
704 3074 883 3128 decreto,
912 3072 1002 3115 sine
1019 3087 1143 3116 sensu
1161 3073 1314 3116 idoneo
1331 3073 1481 3116 vertit:
1505 3081 1551 3115 ut
1562 3088 1649 3130 par
1664 3080 1738 3115 est.
