<?xml version="1.0" encoding="UTF-8"?>
<!DOCTYPE html PUBLIC "-//W3C//DTD XHTML 1.0 Transitional//EN"
    "http://www.w3.org/TR/xhtml1/DTD/xhtml1-transitional.dtd">
<html xmlns="http://www.w3.org/1999/xhtml" xml:lang="en" lang="en">
 <head>
  <title>
</title>
<meta http-equiv="Content-Type" content="text/html;charset=utf-8" />
  <meta name='ocr-system' content='tesseract 3.04.00' />
  <meta name='ocr-capabilities' content='ocr_page ocr_carea ocr_par ocr_line ocrx_word'/>
</head>
<body>
  <div class='ocr_page' id='page_1' title='image "./studiacriticaine00herwuoft_0079.png"; bbox 0 0 2138 3580; ppageno 0'>
   <div class='ocr_carea' id='block_1_1' title="bbox 897 329 952 372">
    <p class='ocr_par' dir='ltr' id='par_1_1' title="bbox 897 329 952 372">
     <span class='ocr_line' id='line_1_1' title="bbox 897 329 952 372; baseline 0 0"><span class='ocrx_word' id='word_1_1' title='bbox 897 329 952 372; x_wconf 85' lang='lat'><em>75</em></span> 
     </span>
    </p>
   </div>
   <div class='ocr_carea' id='block_1_2' title="bbox 120 452 1711 582">
    <p class='ocr_par' dir='ltr' id='par_1_2' title="bbox 120 452 1711 582">
     <span class='ocr_line' id='line_1_2' title="bbox 121 452 1711 512; baseline -0.004 -13"><span class='ocrx_word' id='word_1_2' title='bbox 121 455 206 499; x_wconf 72' lang='lat' dir='ltr'><strong>alio</strong></span> <span class='ocrx_word' id='word_1_3' title='bbox 235 458 413 499; x_wconf 72' lang='lat' dir='ltr'>accentu</span> <span class='ocrx_word' id='word_1_4' title='bbox 443 469 567 499; x_wconf 83' lang='lat' dir='ltr'>sensu</span> <span class='ocrx_word' id='word_1_5' title='bbox 597 455 765 512; x_wconf 80' lang='lat' dir='ltr'>passivo</span> <span class='ocrx_word' id='word_1_6' title='bbox 797 456 870 504; x_wconf 67' lang='grc' dir='ltr'><em>τὴν</em></span> <span class='ocrx_word' id='word_1_7' title='bbox 901 469 932 495; x_wconf 85' lang='grc' dir='ltr'><em>π</em></span> <span class='ocrx_word' id='word_1_8' title='bbox 944 470 961 496; x_wconf 90' lang='grc' dir='ltr'><em>ο</em></span> <span class='ocrx_word' id='word_1_9' title='bbox 975 470 993 507; x_wconf 91' lang='grc' dir='ltr'><strong><em>ρ</em></strong></span> <span class='ocrx_word' id='word_1_10' title='bbox 1007 471 1025 496; x_wconf 87' lang='grc' dir='ltr'><em>ν</em></span> <span class='ocrx_word' id='word_1_11' title='bbox 1038 455 1057 496; x_wconf 87' lang='grc' dir='ltr'><em>ό</em></span> <span class='ocrx_word' id='word_1_12' title='bbox 1072 469 1129 495; x_wconf 74' lang='lat' dir='ltr'><em>m·</em></span> <span class='ocrx_word' id='word_1_13' title='bbox 1140 469 1158 496; x_wconf 93' lang='grc' dir='ltr'><em>ο</em></span> <span class='ocrx_word' id='word_1_14' title='bbox 1171 469 1189 494; x_wconf 90' lang='grc' dir='ltr'><strong><em>ν</em></strong></span> <span class='ocrx_word' id='word_1_15' title='bbox 1202 469 1219 495; x_wconf 91' lang='lat'><em>0</em></span> <span class='ocrx_word' id='word_1_16' title='bbox 1232 468 1252 494; x_wconf 88' lang='grc' dir='ltr'><em>ν</em></span> <span class='ocrx_word' id='word_1_17' title='bbox 1283 452 1498 508; x_wconf 81' lang='lat' dir='ltr'>scripsisse</span> <span class='ocrx_word' id='word_1_18' title='bbox 1533 464 1711 493; x_wconf 82' lang='lat' dir='ltr'>censen-</span> 
     </span>
     <span class='ocr_line' id='line_1_3' title="bbox 120 537 306 582; baseline 0.011 -2"><span class='ocrx_word' id='word_1_19' title='bbox 120 537 200 580; x_wconf 84' lang='lat' dir='ltr'><em>dus</em></span> <span class='ocrx_word' id='word_1_20' title='bbox 229 540 306 582; x_wconf 74' lang='lat' dir='ltr'><em>est.</em></span> 
     </span>
    </p>
   </div>
   <div class='ocr_carea' id='block_1_3' title="bbox 122 697 1715 917">
    <p class='ocr_par' dir='ltr' id='par_1_3' title="bbox 122 697 1715 917">
     <span class='ocr_line' id='line_1_4' title="bbox 181 697 1306 755; baseline -0.005 -11"><span class='ocrx_word' id='word_1_21' title='bbox 181 701 282 744; x_wconf 84' lang='lat'>406.</span> <span class='ocrx_word' id='word_1_22' title='bbox 331 702 382 744; x_wconf 80' lang='grc' dir='ltr'><em>σὺ</em></span> <span class='ocrx_word' id='word_1_23' title='bbox 413 701 526 755; x_wconf 78' lang='grc' dir='ltr'><em>φῶς</em></span> <span class='ocrx_word' id='word_1_24' title='bbox 557 699 676 747; x_wconf 79' lang='grc' dir='ltr'><em>ὅντως</em></span> <span class='ocrx_word' id='word_1_25' title='bbox 711 700 779 742; x_wconf 77' lang='grc' dir='ltr'><em>καὶ</em></span> <span class='ocrx_word' id='word_1_26' title='bbox 816 699 956 749; x_wconf 87' lang='grc' dir='ltr'><em>Λόγου</em></span> <span class='ocrx_word' id='word_1_27' title='bbox 989 698 1104 751; x_wconf 70' lang='grc' dir='ltr'><em>φωνὴ</em></span> <span class='ocrx_word' id='word_1_28' title='bbox 1140 697 1306 751; x_wconf 81' lang='grc' dir='ltr'><em>λύχνος.</em></span> 
     </span>
     <span class='ocr_line' id='line_1_5' title="bbox 185 774 1715 839; baseline -0.007 -13"><span class='ocrx_word' id='word_1_29' title='bbox 185 781 316 826; x_wconf 71' lang='lat' dir='ltr'>Deest</span> <span class='ocrx_word' id='word_1_30' title='bbox 356 782 546 839; x_wconf 75' lang='lat' dir='ltr'>syllaba,</span> <span class='ocrx_word' id='word_1_31' title='bbox 589 782 676 824; x_wconf 82' lang='lat' dir='ltr'>sive</span> <span class='ocrx_word' id='word_1_32' title='bbox 719 781 921 837; x_wconf 72' lang='lat' dir='ltr'>scriptum</span> <span class='ocrx_word' id='word_1_33' title='bbox 967 780 1050 822; x_wconf 75' lang='lat' dir='ltr'><strong>fuit</strong></span> <span class='ocrx_word' id='word_1_34' title='bbox 1079 779 1319 833; x_wconf 84' lang='grc' dir='ltr'><em>φέγγος,</em></span> <span class='ocrx_word' id='word_1_35' title='bbox 1353 779 1403 820; x_wconf 73' lang='lat' dir='ltr'><em>ut</em></span> <span class='ocrx_word' id='word_1_36' title='bbox 1434 778 1498 819; x_wconf 72' lang='lat' dir='ltr'><em>est</em></span> <span class='ocrx_word' id='word_1_37' title='bbox 1536 774 1622 818; x_wconf 87' lang='lat'><em>405</em></span> <span class='ocrx_word' id='word_1_38' title='bbox 1641 806 1651 826; x_wconf 93' lang='lat'><strong>‚</strong></span> <span class='ocrx_word' id='word_1_39' title='bbox 1686 775 1715 816; x_wconf 89' lang='lat'>4</span> 
     </span>
     <span class='ocr_line' id='line_1_6' title="bbox 122 858 1510 917; baseline -0.006 -10"><span class='ocrx_word' id='word_1_40' title='bbox 122 862 244 912; x_wconf 77' lang='grc' dir='ltr'><em>ὅντως</em></span> <span class='ocrx_word' id='word_1_41' title='bbox 276 864 326 906; x_wconf 83' lang='grc' dir='ltr'><em>σὺ</em></span> <span class='ocrx_word' id='word_1_42' title='bbox 358 867 494 917; x_wconf 80' lang='grc' dir='ltr'><em>φωνῆς</em></span> <span class='ocrx_word' id='word_1_43' title='bbox 527 867 705 914; x_wconf 87' lang='grc' dir='ltr'><em>γλῶττα</em></span> <span class='ocrx_word' id='word_1_44' title='bbox 738 863 805 904; x_wconf 75' lang='grc' dir='ltr'><em>καὶ</em></span> <span class='ocrx_word' id='word_1_45' title='bbox 839 861 1004 915; x_wconf 82' lang='grc' dir='ltr'><em>φέγγος</em></span> <span class='ocrx_word' id='word_1_46' title='bbox 1039 861 1220 914; x_wconf 82' lang='grc' dir='ltr'><em>λύχνου,</em></span> <span class='ocrx_word' id='word_1_47' title='bbox 1254 860 1341 902; x_wconf 80' lang='lat' dir='ltr'>sive</span> <span class='ocrx_word' id='word_1_48' title='bbox 1373 858 1510 900; x_wconf 72' lang='lat' dir='ltr'>aliter.</span> 
     </span>
    </p>
   </div>
   <div class='ocr_carea' id='block_1_4' title="bbox 128 1021 1510 1247">
    <p class='ocr_par' dir='ltr' id='par_1_4' title="bbox 128 1021 1510 1247">
     <span class='ocr_line' id='line_1_7' title="bbox 129 1021 1510 1079; baseline -0.005 -9"><span class='ocrx_word' id='word_1_49' title='bbox 129 1026 231 1079; x_wconf 83' lang='lat'>410,</span> <span class='ocrx_word' id='word_1_50' title='bbox 264 1027 305 1070; x_wconf 88' lang='grc'><em>4.</em></span> <span class='ocrx_word' id='word_1_51' title='bbox 339 1027 411 1069; x_wconf 83' lang='grc' dir='ltr'><em>καί</em></span> <span class='ocrx_word' id='word_1_52' title='bbox 442 1042 541 1069; x_wconf 87' lang='grc' dir='ltr'><em>ποτε</em></span> <span class='ocrx_word' id='word_1_53' title='bbox 573 1026 855 1079; x_wconf 75' lang='grc' dir='ltr'><em>τετραπόδων,</em></span> <span class='ocrx_word' id='word_1_54' title='bbox 890 1025 1012 1068; x_wconf 74' lang='grc' dir='ltr'><em>ὁκόσα</em></span> <span class='ocrx_word' id='word_1_55' title='bbox 1045 1022 1326 1074; x_wconf 73' lang='grc' dir='ltr'><em>μογέοντα</em></span> <span class='ocrx_word' id='word_1_56' title='bbox 1360 1021 1510 1072; x_wconf 73' lang='grc' dir='ltr'><em>δαμείη</em></span> 
     </span>
     <span class='ocr_line' id='line_1_8' title="bbox 341 1105 1319 1161; baseline -0.006 -9"><span class='ocrx_word' id='word_1_57' title='bbox 341 1108 481 1152; x_wconf 69' lang='grc' dir='ltr'><em>ἐνθάδε</em></span> <span class='ocrx_word' id='word_1_58' title='bbox 511 1109 758 1161; x_wconf 81' lang='grc' dir='ltr'><em>ῥιπτομένων</em></span> <span class='ocrx_word' id='word_1_59' title='bbox 789 1108 890 1158; x_wconf 67' lang='grc' dir='ltr'><em>ὀδμὴ</em></span> <span class='ocrx_word' id='word_1_60' title='bbox 924 1107 1139 1158; x_wconf 77' lang='grc' dir='ltr'><em>διεγείρετο</em></span> <span class='ocrx_word' id='word_1_61' title='bbox 1172 1105 1319 1157; x_wconf 76' lang='grc' dir='ltr'><em>λυγρή.</em></span> 
     </span>
     <span class='ocr_line' id='line_1_9' title="bbox 128 1186 1403 1247; baseline -0.004 -13"><span class='ocrx_word' id='word_1_62' title='bbox 128 1189 356 1247; x_wconf 76' lang='lat' dir='ltr'>Significat</span> <span class='ocrx_word' id='word_1_63' title='bbox 387 1191 620 1246; x_wconf 84' lang='grc' dir='ltr'><em>μογέοντα,</em></span> <span class='ocrx_word' id='word_1_64' title='bbox 653 1190 688 1232; x_wconf 88' lang='lat' dir='ltr'><em>si</em></span> <span class='ocrx_word' id='word_1_65' title='bbox 719 1190 778 1232; x_wconf 82' lang='lat' dir='ltr'><em>sio</em></span> <span class='ocrx_word' id='word_1_66' title='bbox 809 1190 939 1231; x_wconf 78' lang='lat' dir='ltr'><strong>habet</strong></span> <span class='ocrx_word' id='word_1_67' title='bbox 969 1189 1102 1244; x_wconf 84' lang='lat' dir='ltr'>lapis,</span> <span class='ocrx_word' id='word_1_68' title='bbox 1137 1186 1403 1230; x_wconf 78' lang='grc' dir='ltr'><em>νοσέοντα.</em></span> 
     </span>
    </p>
   </div>
   <div class='ocr_carea' id='block_1_5' title="bbox 127 1351 1605 1571">
    <p class='ocr_par' dir='ltr' id='par_1_5' title="bbox 127 1351 1605 1571">
     <span class='ocr_line' id='line_1_10' title="bbox 188 1351 1352 1406; baseline -0.004 -8"><span class='ocrx_word' id='word_1_69' title='bbox 188 1355 292 1399; x_wconf 86' lang='grc'><strong>417.</strong></span> <span class='ocrx_word' id='word_1_70' title='bbox 325 1361 472 1405; x_wconf 77' lang='grc' dir='ltr'><em>Ζητεῖς</em></span> <span class='ocrx_word' id='word_1_71' title='bbox 504 1355 674 1406; x_wconf 79' lang='grc' dir='ltr'><em>μαθεῖν,</em></span> <span class='ocrx_word' id='word_1_72' title='bbox 707 1354 846 1403; x_wconf 83' lang='grc' dir='ltr'><em>ὂδῑτα,</em></span> <span class='ocrx_word' id='word_1_73' title='bbox 883 1353 996 1396; x_wconf 81' lang='grc' dir='ltr'><em>τόνδε</em></span> <span class='ocrx_word' id='word_1_74' title='bbox 1030 1353 1097 1395; x_wconf 84' lang='grc' dir='ltr'><em>τὸν</em></span> <span class='ocrx_word' id='word_1_75' title='bbox 1129 1351 1352 1405; x_wconf 84' lang='grc' dir='ltr'><em>τρόπον;</em></span> 
     </span>
     <span class='ocr_line' id='line_1_11' title="bbox 340 1434 1246 1490; baseline -0.001 -11"><span class='ocrx_word' id='word_1_76' title='bbox 340 1437 474 1490; x_wconf 68' lang='grc' dir='ltr'><em>ἀρχὴν</em></span> <span class='ocrx_word' id='word_1_77' title='bbox 508 1436 816 1479; x_wconf 72' lang='grc' dir='ltr'><em>ἀποσκόπευσον</em></span> <span class='ocrx_word' id='word_1_78' title='bbox 849 1438 976 1478; x_wconf 82' lang='grc' dir='ltr'><em>αὐτοῦ</em></span> <span class='ocrx_word' id='word_1_79' title='bbox 1011 1435 1078 1478; x_wconf 79' lang='grc' dir='ltr'><em>καὶ</em></span> <span class='ocrx_word' id='word_1_80' title='bbox 1112 1434 1246 1481; x_wconf 81' lang='grc' dir='ltr'><em>τέλος.</em></span> 
     </span>
     <span class='ocr_line' id='line_1_12' title="bbox 127 1514 1605 1571; baseline -0.005 -9"><span class='ocrx_word' id='word_1_81' title='bbox 127 1517 251 1562; x_wconf 83' lang='lat' dir='ltr'>Nove</span> <span class='ocrx_word' id='word_1_82' title='bbox 282 1519 431 1571; x_wconf 81' lang='grc' dir='ltr'><em>τρόπος</em></span> <span class='ocrx_word' id='word_1_83' title='bbox 463 1518 579 1562; x_wconf 68' lang='lat' dir='ltr'>diciza</span> <span class='ocrx_word' id='word_1_84' title='bbox 609 1521 674 1561; x_wconf 77' lang='lat' dir='ltr'><em>est</em></span> <span class='ocrx_word' id='word_1_85' title='bbox 705 1521 784 1561; x_wconf 86' lang='lat' dir='ltr'><em>via.</em></span> <span class='ocrx_word' id='word_1_86' title='bbox 819 1517 932 1561; x_wconf 89' lang='lat' dir='ltr'><em>Num</em></span> <span class='ocrx_word' id='word_1_87' title='bbox 967 1518 1153 1560; x_wconf 75' lang='lat' dir='ltr'>sanum?</span> <span class='ocrx_word' id='word_1_88' title='bbox 1184 1515 1355 1559; x_wconf 78' lang='lat' dir='ltr'>conieci</span> <span class='ocrx_word' id='word_1_89' title='bbox 1387 1514 1558 1570; x_wconf 86' lang='grc' dir='ltr'><em>τρ[ίβ]ο</em></span> <span class='ocrx_word' id='word_1_90' title='bbox 1573 1530 1605 1554; x_wconf 88' lang='grc' dir='ltr'><em>ν.</em></span> 
     </span>
    </p>
   </div>
   <div class='ocr_carea' id='block_1_6' title="bbox 755 1872 1091 1916">
    <p class='ocr_par' dir='ltr' id='par_1_6' title="bbox 755 1872 1091 1916">
     <span class='ocr_line' id='line_1_13' title="bbox 755 1872 1091 1916; baseline 0.003 -1"><span class='ocrx_word' id='word_1_91' title='bbox 755 1875 820 1915; x_wconf 84' lang='lat' dir='ltr'><em>AD</em></span> <span class='ocrx_word' id='word_1_92' title='bbox 851 1887 984 1916; x_wconf 80' lang='lat' dir='ltr'>CAPUT</span> <span class='ocrx_word' id='word_1_93' title='bbox 1015 1872 1091 1916; x_wconf 89' lang='lat' dir='ltr'><em>IV.</em></span> 
     </span>
    </p>
   </div>
   <div class='ocr_carea' id='block_1_7' title="bbox 127 2014 1727 2891">
    <p class='ocr_par' dir='ltr' id='par_1_7' title="bbox 127 2014 1721 2236">
     <span class='ocr_line' id='line_1_14' title="bbox 186 2014 1721 2074; baseline 0.001 -17"><span class='ocrx_word' id='word_1_94' title='bbox 186 2014 258 2058; x_wconf 81' lang='lat'><em>25.</em></span> <span class='ocrx_word' id='word_1_95' title='bbox 343 2015 511 2059; x_wconf 77' lang='lat' dir='ltr'>Laudat</span> <span class='ocrx_word' id='word_1_96' title='bbox 533 2016 728 2073; x_wconf 83' lang='lat' dir='ltr'>Hedylus</span> <span class='ocrx_word' id='word_1_97' title='bbox 760 2019 888 2073; x_wconf 70' lang='lat' dir='ltr'>poeta</span> <span class='ocrx_word' id='word_1_98' title='bbox 920 2017 1204 2060; x_wconf 79' lang='lat' dir='ltr'>Parisooleum</span> <span class='ocrx_word' id='word_1_99' title='bbox 1238 2019 1466 2074; x_wconf 79' lang='lat' dir='ltr'>quendam,</span> <span class='ocrx_word' id='word_1_100' title='bbox 1500 2019 1721 2059; x_wconf 69' lang='lat' dir='ltr'><em>strenuum</em></span> 
     </span>
     <span class='ocr_line' id='line_1_15' title="bbox 127 2098 1719 2155; baseline 0 -15"><span class='ocrx_word' id='word_1_101' title='bbox 127 2099 365 2153; x_wconf 71' lang='lat' dir='ltr'><strong>potatorem</strong></span> <span class='ocrx_word' id='word_1_102' title='bbox 408 2098 672 2155; x_wconf 83' lang='lat' dir='ltr'>eundemque</span> <span class='ocrx_word' id='word_1_103' title='bbox 715 2099 874 2141; x_wconf 90' lang='lat' dir='ltr'>bonum</span> <span class='ocrx_word' id='word_1_104' title='bbox 907 2101 1102 2155; x_wconf 72' lang='lat' dir='ltr'>poetam,</span> <span class='ocrx_word' id='word_1_105' title='bbox 1136 2100 1210 2155; x_wconf 90' lang='lat' dir='ltr'><em>qui</em></span> <span class='ocrx_word' id='word_1_106' title='bbox 1241 2100 1288 2142; x_wconf 89' lang='lat' dir='ltr'><em>in</em></span> <span class='ocrx_word' id='word_1_107' title='bbox 1321 2099 1421 2142; x_wconf 73' lang='lat' dir='ltr'>vino</span> <span class='ocrx_word' id='word_1_108' title='bbox 1453 2099 1545 2155; x_wconf 87' lang='lat' dir='ltr'>ipso</span> <span class='ocrx_word' id='word_1_109' title='bbox 1579 2098 1719 2140; x_wconf 86' lang='lat' dir='ltr'>Theo-</span> 
     </span>
     <span class='ocr_line' id='line_1_16' title="bbox 131 2178 1719 2236; baseline 0.001 -14"><span class='ocrx_word' id='word_1_110' title='bbox 131 2178 238 2222; x_wconf 73' lang='lat' dir='ltr'>crito</span> <span class='ocrx_word' id='word_1_111' title='bbox 269 2179 439 2222; x_wconf 79' lang='lat' dir='ltr'>suavius</span> <span class='ocrx_word' id='word_1_112' title='bbox 465 2182 605 2224; x_wconf 72' lang='lat' dir='ltr'>canat.</span> <span class='ocrx_word' id='word_1_113' title='bbox 633 2180 835 2223; x_wconf 70' lang='lat' dir='ltr'>Traditur</span> <span class='ocrx_word' id='word_1_114' title='bbox 863 2183 975 2236; x_wconf 81' lang='lat' dir='ltr'>apud</span> <span class='ocrx_word' id='word_1_115' title='bbox 1004 2181 1271 2224; x_wconf 76' lang='lat' dir='ltr'><strong>Athenaeum</strong></span> <span class='ocrx_word' id='word_1_116' title='bbox 1298 2181 1343 2223; x_wconf 91' lang='lat' dir='ltr'><em>in</em></span> <span class='ocrx_word' id='word_1_117' title='bbox 1370 2181 1492 2224; x_wconf 85' lang='lat' dir='ltr'>codd.</span> <span class='ocrx_word' id='word_1_118' title='bbox 1521 2195 1581 2224; x_wconf 84' lang='lat' dir='ltr'><em>vs.</em></span> <span class='ocrx_word' id='word_1_119' title='bbox 1613 2180 1639 2222; x_wconf 89' lang='lat'><strong>3</strong></span> <span class='ocrx_word' id='word_1_120' title='bbox 1657 2194 1719 2235; x_wconf 86' lang='lat' dir='ltr'><em>sq.</em></span> 
     </span>
    </p>

    <p class='ocr_par' dir='ltr' id='par_1_8' title="bbox 345 2260 1549 2315">
     <span class='ocr_line' id='line_1_17' title="bbox 345 2260 1549 2315; baseline 0.001 -11"><span class='ocrx_word' id='word_1_121' title='bbox 345 2260 461 2304; x_wconf 80' lang='grc' dir='ltr'><em>Ἐστὶ</em></span> <span class='ocrx_word' id='word_1_122' title='bbox 495 2261 537 2304; x_wconf 76' lang='grc' dir='ltr'><em>δὲ</em></span> <span class='ocrx_word' id='word_1_123' title='bbox 568 2263 615 2311; x_wconf 69' lang='grc' dir='ltr'><em>δὴ</em></span> <span class='ocrx_word' id='word_1_124' title='bbox 648 2263 778 2305; x_wconf 81' lang='grc' dir='ltr'><em>πουλὺ</em></span> <span class='ocrx_word' id='word_1_125' title='bbox 810 2263 1132 2315; x_wconf 78' lang='grc' dir='ltr'><em>στιβαρώτερος·</em></span> <span class='ocrx_word' id='word_1_126' title='bbox 1166 2265 1217 2310; x_wconf 78' lang='grc' dir='ltr'><em>ὡς</em></span> <span class='ocrx_word' id='word_1_127' title='bbox 1248 2263 1285 2306; x_wconf 90' lang='grc' dir='ltr'><em>δ’</em></span> <span class='ocrx_word' id='word_1_128' title='bbox 1318 2263 1549 2313; x_wconf 75' lang='grc' dir='ltr'><em>ἐπιλάμπει</em></span> 
     </span>
    </p>

    <p class='ocr_par' dir='ltr' id='par_1_9' title="bbox 410 2342 1580 2399">
     <span class='ocr_line' id='line_1_18' title="bbox 410 2342 1580 2399; baseline 0.001 -13"><span class='ocrx_word' id='word_1_129' title='bbox 410 2344 612 2398; x_wconf 75' lang='grc' dir='ltr'><em>ἧχοὶρις·</em></span> <span class='ocrx_word' id='word_1_130' title='bbox 646 2342 747 2387; x_wconf 71' lang='grc' dir='ltr'><em>ὥστε</em></span> <span class='ocrx_word' id='word_1_131' title='bbox 779 2345 911 2397; x_wconf 90' lang='grc' dir='ltr'><em>φίλε</em></span> <span class='ocrx_word' id='word_1_132' title='bbox 944 2346 1034 2388; x_wconf 78' lang='grc' dir='ltr'><em>καὶ</em></span> <span class='ocrx_word' id='word_1_133' title='bbox 1068 2345 1245 2399; x_wconf 73' lang='grc' dir='ltr'><em>γράφε</em></span> <span class='ocrx_word' id='word_1_134' title='bbox 1280 2346 1368 2388; x_wconf 78' lang='grc' dir='ltr'><em>καὶ</em></span> <span class='ocrx_word' id='word_1_135' title='bbox 1400 2345 1580 2396; x_wconf 81' lang='grc' dir='ltr'><em>μέθυε.</em></span> 
     </span>
    </p>

    <p class='ocr_par' dir='ltr' id='par_1_10' title="bbox 137 2425 1718 2483">
     <span class='ocr_line' id='line_1_19' title="bbox 137 2425 1718 2483; baseline 0.001 -16"><span class='ocrx_word' id='word_1_136' title='bbox 137 2425 287 2481; x_wconf 85' lang='lat' dir='ltr'>edique</span> <span class='ocrx_word' id='word_1_137' title='bbox 332 2426 441 2468; x_wconf 73' lang='lat' dir='ltr'>solet</span> <span class='ocrx_word' id='word_1_138' title='bbox 485 2441 508 2469; x_wconf 82' lang='lat' dir='ltr'><strong>e</strong></span> <span class='ocrx_word' id='word_1_139' title='bbox 554 2441 686 2483; x_wconf 80' lang='lat' dir='ltr'><strong>prava</strong></span> <span class='ocrx_word' id='word_1_140' title='bbox 731 2427 920 2470; x_wconf 81' lang='lat' dir='ltr'>Jacobsii</span> <span class='ocrx_word' id='word_1_141' title='bbox 966 2429 1209 2471; x_wconf 74' lang='lat' dir='ltr'>coniectura</span> <span class='ocrx_word' id='word_1_142' title='bbox 1251 2429 1342 2471; x_wconf 88' lang='lat' dir='ltr'><em>sine</em></span> <span class='ocrx_word' id='word_1_143' title='bbox 1383 2429 1537 2471; x_wconf 81' lang='lat' dir='ltr'>idoneo</span> <span class='ocrx_word' id='word_1_144' title='bbox 1569 2442 1718 2470; x_wconf 85' lang='lat' dir='ltr'>sensu:</span> 
     </span>
    </p>

    <p class='ocr_par' dir='ltr' id='par_1_11' title="bbox 130 2506 1727 2811">
     <span class='ocr_line' id='line_1_20' title="bbox 345 2506 754 2562; baseline 0.005 -12"><span class='ocrx_word' id='word_1_145' title='bbox 345 2506 448 2551; x_wconf 72' lang='grc' dir='ltr'><em>ὥστε</em></span> <span class='ocrx_word' id='word_1_146' title='bbox 480 2507 633 2562; x_wconf 86' lang='grc' dir='ltr'><em>φίλει</em></span> <span class='ocrx_word' id='word_1_147' title='bbox 666 2510 754 2552; x_wconf 79' lang='grc' dir='ltr'><em>κτὲ.</em></span> 
     </span>
     <span class='ocr_line' id='line_1_21' title="bbox 133 2587 1727 2649; baseline 0.002 -18"><span class='ocrx_word' id='word_1_148' title='bbox 133 2587 240 2632; x_wconf 84' lang='lat' dir='ltr'><em>Cum</em></span> <span class='ocrx_word' id='word_1_149' title='bbox 271 2589 496 2632; x_wconf 74' lang='lat' dir='ltr'>manifeste</span> <span class='ocrx_word' id='word_1_150' title='bbox 528 2594 656 2646; x_wconf 79' lang='lat' dir='ltr'><strong>poeta</strong></span> <span class='ocrx_word' id='word_1_151' title='bbox 688 2591 915 2634; x_wconf 79' lang='lat' dir='ltr'>Pasisoelei</span> <span class='ocrx_word' id='word_1_152' title='bbox 949 2593 1142 2648; x_wconf 84' lang='lat' dir='ltr'><strong>exemplo</strong></span> <span class='ocrx_word' id='word_1_153' title='bbox 1175 2596 1323 2649; x_wconf 76' lang='lat' dir='ltr'>poetas</span> <span class='ocrx_word' id='word_1_154' title='bbox 1356 2593 1576 2648; x_wconf 75' lang='lat' dir='ltr'>hortetur,</span> <span class='ocrx_word' id='word_1_155' title='bbox 1610 2594 1660 2635; x_wconf 75' lang='lat' dir='ltr'><em>ut</em></span> <span class='ocrx_word' id='word_1_156' title='bbox 1690 2592 1727 2634; x_wconf 87' lang='lat' dir='ltr'><em>si</em></span> 
     </span>
     <span class='ocr_line' id='line_1_22' title="bbox 133 2670 1724 2731; baseline 0.003 -19"><span class='ocrx_word' id='word_1_157' title='bbox 133 2670 239 2726; x_wconf 87' lang='lat' dir='ltr'>quid</span> <span class='ocrx_word' id='word_1_158' title='bbox 267 2670 371 2714; x_wconf 90' lang='lat' dir='ltr'>boni</span> <span class='ocrx_word' id='word_1_159' title='bbox 401 2671 582 2714; x_wconf 82' lang='lat' dir='ltr'>scribere</span> <span class='ocrx_word' id='word_1_160' title='bbox 613 2672 768 2727; x_wconf 62' lang='lat' dir='ltr'>velinss,</span> <span class='ocrx_word' id='word_1_161' title='bbox 803 2674 920 2729; x_wconf 88' lang='lat' dir='ltr'>prius</span> <span class='ocrx_word' id='word_1_162' title='bbox 953 2674 1052 2716; x_wconf 87' lang='lat' dir='ltr'>vino</span> <span class='ocrx_word' id='word_1_163' title='bbox 1080 2689 1169 2717; x_wconf 83' lang='lat' dir='ltr'>sese</span> <span class='ocrx_word' id='word_1_164' title='bbox 1195 2675 1490 2731; x_wconf 72' lang='lat' dir='ltr'>ingurgitent,</span> <span class='ocrx_word' id='word_1_165' title='bbox 1509 2675 1652 2717; x_wconf 83' lang='lat' dir='ltr'>nescio</span> <span class='ocrx_word' id='word_1_166' title='bbox 1669 2689 1724 2716; x_wconf 83' lang='lat' dir='ltr'><em>an</em></span> 
     </span>
     <span class='ocr_line' id='line_1_23' title="bbox 130 2751 1104 2811; baseline 0.004 -17"><span class='ocrx_word' id='word_1_167' title='bbox 130 2765 228 2795; x_wconf 76' lang='lat' dir='ltr'><em>cum</em></span> <span class='ocrx_word' id='word_1_168' title='bbox 259 2751 402 2808; x_wconf 79' lang='lat' dir='ltr'><strong>aliqua</strong></span> <span class='ocrx_word' id='word_1_169' title='bbox 433 2753 740 2810; x_wconf 68' lang='lat' dir='ltr'>probabilitaize</span> <span class='ocrx_word' id='word_1_170' title='bbox 774 2755 911 2798; x_wconf 85' lang='lat' dir='ltr'>conici</span> <span class='ocrx_word' id='word_1_171' title='bbox 943 2756 1104 2811; x_wconf 71' lang='lat' dir='ltr'>possit:</span> 
     </span>
    </p>

    <p class='ocr_par' dir='ltr' id='par_1_12' title="bbox 347 2833 1411 2891">
     <span class='ocr_line' id='line_1_24' title="bbox 347 2833 1411 2891; baseline 0.005 -15"><span class='ocrx_word' id='word_1_172' title='bbox 347 2833 471 2887; x_wconf 72' lang='grc' dir='ltr'><em>ὥστε,</em></span> <span class='ocrx_word' id='word_1_173' title='bbox 505 2837 668 2887; x_wconf 83' lang='grc' dir='ltr'><em>φίλε,</em></span> <span class='ocrx_word' id='word_1_174' title='bbox 704 2838 826 2888; x_wconf 88' lang='grc' dir='ltr'><em>πρίν</em></span> <span class='ocrx_word' id='word_1_175' title='bbox 858 2854 905 2879; x_wconf 89' lang='grc' dir='ltr'><em>τι</em></span> <span class='ocrx_word' id='word_1_176' title='bbox 938 2838 1202 2891; x_wconf 71' lang='grc' dir='ltr'><em>γράφειν,</em></span> <span class='ocrx_word' id='word_1_177' title='bbox 1234 2838 1411 2890; x_wconf 83' lang='grc' dir='ltr'><em>μέθυε.</em></span> 
     </span>
    </p>
   </div>
   <div class='ocr_carea' id='block_1_8' title="bbox 140 2987 1390 3044">
    <p class='ocr_par' dir='ltr' id='par_1_13' title="bbox 140 2987 1390 3044">
     <span class='ocr_line' id='line_1_25' title="bbox 140 2987 1390 3044; baseline 0.002 -12"><span class='ocrx_word' id='word_1_178' title='bbox 140 2987 212 3040; x_wconf 80' lang='lat'><em>32,</em></span> <span class='ocrx_word' id='word_1_179' title='bbox 246 2987 316 3031; x_wconf 83' lang='lat'><em>72.</em></span> <span class='ocrx_word' id='word_1_180' title='bbox 983 2992 1142 3044; x_wconf 72' lang='grc' dir='ltr'><em>ὀργάδα</em></span> <span class='ocrx_word' id='word_1_181' title='bbox 1175 2994 1213 3033; x_wconf 86' lang='grc' dir='ltr'><em>τ’</em></span> <span class='ocrx_word' id='word_1_182' title='bbox 1246 2991 1390 3044; x_wconf 74' lang='grc' dir='ltr'><em>ἄκραις</em></span> 
     </span>
    </p>
   </div>
   <div class='ocr_carea' id='block_1_9' title="bbox 355 3070 1408 3129">
    <p class='ocr_par' dir='ltr' id='par_1_14' title="bbox 355 3070 1408 3129">
     <span class='ocr_line' id='line_1_26' title="bbox 355 3070 1408 3129; baseline 0.004 -16"><span class='ocrx_word' id='word_1_183' title='bbox 355 3073 614 3128; x_wconf 77' lang='grc' dir='ltr'><em>στηρικταῖ[ς</em></span> <span class='ocrx_word' id='word_1_184' title='bbox 648 3070 842 3129; x_wconf 86' lang='grc' dir='ltr'><em>ζείδω]ρον</em></span> <span class='ocrx_word' id='word_1_185' title='bbox 877 3073 1179 3126; x_wconf 85' lang='grc' dir='ltr'><em>ὑπερτείνοισα,</em></span> <span class='ocrx_word' id='word_1_186' title='bbox 1213 3074 1408 3126; x_wconf 80' lang='grc' dir='ltr'><em>βοαύλοις</em></span> 
     </span>
    </p>
   </div>
  </div>
 </body>
</html>
