2138 3580
1190 334 1244 379 58

435 456 585 498 editori
615 456 855 512 imputandi
887 459 1011 509 suut,
1047 471 1145 500 nam
1177 458 1366 514 lapidum
1394 457 1625 513 scripturae
1641 458 1793 506 ενθησις
1808 489 1819 509 ,
1837 457 2001 511 υΦεξις,

433 537 545 584 δωσις
593 537 840 593 significant
886 538 1057 587 ἐνθήσεις
1105 538 1266 593 ὑφέξεις
1283 571 1294 591 ,
1344 540 1504 590 δώσεις,
1554 539 1602 580 ut
1648 538 1754 581 bene
1796 538 2009 582 intellexit

431 617 600 661 Kaibel.
1254 613 1261 617 ’

438 783 537 839 692,
572 782 612 826 2.
646 783 712 826 καὶ
746 769 887 836 ξεστὸν
919 787 1071 839 οἰκτροῦ
1104 786 1247 834 παιδὸς
1280 785 1379 829 ἄνω
1412 786 1569 837 σήματι

645 863 758 914 ἔθηκε
787 866 943 917 βωμόν.

434 944 519 987 Pro
561 943 639 987 ἄνω
684 945 837 1011 Kaibel
868 961 918 989 ex
950 947 1170 990 Bucheleri
1202 948 1442 990 coniectura
1472 948 1615 1003 posuit
1647 947 1765 1002 ἀμφί
1776 979 1787 1000 ,
1818 949 1891 990 sed
1921 947 2009 991 for-

434 1028 545 1068 tasse
591 1026 727 1069 lenius
775 1029 983 1084 corrigere
1027 1029 1126 1072 licet
1167 1029 1227 1072 ἂν
1274 1029 1397 1086 [τ]ᾧ
1441 1029 1624 1079 σήματι,
1669 1030 1717 1071 ut
1747 1029 2009 1084 poetastrum

434 1107 552 1162 epico
584 1122 698 1150 more
729 1109 1084 1165 praepositionem
1117 1110 1197 1152 ἀνα
1230 1123 1306 1165 pro
1338 1109 1403 1151 ἐπὶ
1440 1123 1661 1165 usurpasse
1693 1110 1904 1164 putemus.

434 1277 535 1330 694,
569 1276 609 1319 5.
642 1283 782 1330 κλῆρον
819 1278 859 1320 δὲ
895 1279 1043 1331 μητρὸς
1078 1278 1179 1331 τῷδε
1209 1279 1416 1330 κληρουχῶ
1451 1276 1605 1331 τάφῳ,

646 1359 776 1413 στήλῃ
811 1358 851 1401 δὲ
884 1363 1000 1413 φωνῶ
1033 1360 1380 1411 ανταγωνίας
1413 1358 1519 1411 βίου.

434 1438 548 1495 Apte
587 1441 756 1496 quidem
799 1441 871 1483 sed
913 1441 1057 1496 paullo
1099 1441 1325 1484 violentius
1365 1439 1472 1483 Ellis
1514 1439 1738 1496 proposuit
1778 1439 1901 1490 γνῶτ’
1945 1439 2011 1482 vel

437 1521 554 1573 γνῶθ’
580 1521 761 1573 ἀγωνίας
791 1522 1026 1578 proposuit.
1053 1521 1208 1564 Lenius
1229 1521 1405 1564 fortasse
1421 1520 1578 1577 poteris
1596 1519 1764 1576 [π]οὶντ“
1780 1521 1847 1576 (=
1866 1519 2011 1581 παντὶ)

437 1602 617 1654 ἀγωνίας
650 1603 756 1654 βίον.
790 1602 884 1645 Iota
917 1603 1029 1645 enim
1060 1602 1192 1645 dativi
1224 1604 1374 1645 contra
1404 1600 1646 1644 Atticorum
1677 1613 1836 1643 morem
1862 1599 2011 1644 elisum

436 1684 483 1726 in
515 1684 615 1726 seris
647 1683 712 1726 his
743 1684 991 1739 poetastris‚
1024 1683 1097 1739 qui
1128 1682 1272 1725 omnia
1305 1682 1503 1732 miscent,
1531 1681 1746 1723 neminem
1761 1680 2008 1725 morabitur.

438 1763 727 1807 Nihilominus
759 1764 893 1820 Angli
924 1764 1057 1806 critici
1088 1763 1330 1806 coniectura
1360 1762 1491 1804 habet
1520 1775 1603 1818 quo
1635 1761 1964 1806 commendetur.

439 1921 539 1972 696,
574 1920 613 1964 5.
645 1919 908 1974 Ἀλέξανδρος
942 1919 1000 1963 δ’δ’
1033 1921 1144 1972 ἐστί,
1179 1920 1420 1974 Βαλεντείνῃ
1451 1919 1494 1963 δὲ
1525 1918 1700 1962 conedam

655 2004 735 2045 κεῖν
770 2003 903 2055 ἐνέρων
939 2002 1146 2054 λιμένεσσι
1178 2001 1279 2056 μέγ’
1313 2004 1455 2056 ocium-37
1492 2001 1751 2056 παρακοίτει·

647 2084 737 2130 τοὺς
771 2084 803 2126 δ’
838 2082 967 2136 ἄμφω
1001 2081 1143 2137 χάριεν
1176 2082 1292 2131 τέλος
1326 2083 1540 2138 ἔλλαχεν,
1575 2080 1637 2130 οὓς
1670 2075 1848 2134 κτερέϊξέ

645 2164 762 2219 χερσὶ
796 2165 942 2216 φίλαις
976 2163 1156 2217 θυγάτηρ
1189 2164 1366 2217 γλυκερὴ
1398 2169 1590 2207 Παυλῖνα
1622 2167 1797 2214 τοκῆας,

643 2245 713 2295 ἤδη
748 2247 780 2288 οἱ
817 2244 1037 2287 θαλέθοντα
1069 2245 1182 2288 τόκον
1217 2245 1328 2287 κατὰ
1361 2245 1478 2296 δῶμα
1511 2244 1710 2290 λιπόντας

634 2313 895 2380 ’τριττύος
930 2325 976 2376 ἐξ
1007 2327 1158 2376 αὐτῆς,
1193 2324 1234 2368 οἵ
1259 2342 1337 2376 μευ
1370 2325 1579 2377 μελάθρων
1611 2323 1800 2376 μεδέοιεν.

440 2410 641 2464 Magnam
685 2407 973 2450 difficultatem
1005 2407 1307 2463 interpretibus
1339 2407 1451 2463 parit
1482 2420 1563 2449 vox
1594 2404 1800 2458 τριττύος,
1836 2406 1908 2447 sed
1938 2405 2012 2447 vix

440 2489 588 2531 dubito
620 2488 724 2544 quin
756 2492 867 2530 recte
899 2488 1052 2530 Kaibel
1084 2504 1127 2543 p.
1165 2488 1276 2539 264,
1308 2487 1474 2530 reiectis
1507 2487 1599 2529 aliis
1633 2485 2010 2542 explicationibus,

439 2571 575 2612 locum
620 2569 876 2611 intellexerit
908 2571 958 2611 de
993 2569 1146 2624 triplici
1177 2569 1382 2611 Paulinae
1399 2570 1565 2629 partu,
1593 2581 1675 2609 -nec
1705 2569 1850 2609 tamen
1880 2565 2012 2608 ratio-

439 2665 535 2693 nem
577 2649 895 2706 grammaticam
938 2649 1170 2704 scripturae
1211 2649 1325 2691 τόκον
1368 2648 1549 2701 τρια-τούς
1582 2646 1627 2697 ἐξ
1658 2648 1786 2696 αὐτῆς
1819 2646 2014 2703 expedire

439 2745 608 2787 possum
639 2745 867 2786 vereorque
901 2745 953 2772 ne
984 2735 1277 2773 ΤΡΙΤΤΤΟΣ
1310 2730 1366 2772 sit
1396 2729 1503 2772 falsa
1533 2728 1678 2779 lectio,
1711 2742 1816 2784 quae
1849 2727 2014 2771 vidone

442 2812 547 2856 celet
580 2812 832 2868 scripturam
867 2813 1255 2868 ΤΡ[ΕΙΣ]Τ[Α]Σ,
1289 2813 1337 2853 ut
1366 2810 1634 2853 scribendum
1665 2809 1742 2851 sit:

650 2892 720 2942 ἤδη
756 2894 788 2935 οἱ
823 2893 1043 2935 θαλέθοντα
1073 2892 1187 2935 τόκον
1221 2892 1333 2934 κατα
1367 2891 1484 2942 δῶμα
1516 2890 1735 2945 λιπόντας,

650 2979 797 3026 τρεῖς
832 2973 930 3020 ὕας
963 2972 1008 3023 ἐξ
1039 2974 1192 3024 αὐτῆς,
1226 2970 1265 3015 οἵ
1289 2988 1367 3024 μευ
1401 2970 1609 3023 μελάθρων
1640 2969 1830 3021 μεδέοιεν.

442 3054 554 3097 Male
588 3055 739 3097 deinde
772 3053 952 3111 Cougny
988 3054 1111 3097 vertit
1142 3069 1306 3097 versum
1338 3054 1445 3095 bene
1478 3051 1732 3107 explicatum
1763 3065 1788 3092 a
1817 3049 2010 3093 Kaibelio
