2138 3580
1200 342 1256 385 92

649 458 782 512 αὐτὰρ
814 461 915 510 ἐπὴν
946 459 1051 511 αὕτη
1085 478 1137 514 γε
1168 466 1538 517 κορεσσαμένη
1572 468 1799 525 φαίνηται,

648 540 921 592 ὀφθαλμοῖσιν
953 542 1168 596 οέριπρεπὲς
1201 542 1302 593 εἶδος
1336 545 1490 600 ἔχουσα
1507 580 1517 599 ,
1550 547 1636 590 τότ’
1667 548 1740 599 ἤδη

648 619 831 673 δέρκεται
863 621 1039 680 ὄμματ’,
1072 619 1341 678 ἐπειγομένοις
1375 627 1416 670 δὲ
1447 628 1597 680 μνῶομ’
1632 628 1730 672 ὁδοῖο

439 699 490 741 de
537 702 683 743 ventre
728 715 816 744 non
857 704 1011 746 satiata
1051 707 1095 747 et
1133 706 1327 750 famelica
1368 723 1602 752 sermonem
1643 709 1785 755 fuisse.
1816 709 2011 768 cogitavi

438 780 569 836 igitur
600 782 650 824 de
683 783 956 839 corrigendo:

771 863 857 913 εἵως
890 868 1014 916 λευκὴ
1047 869 1175 919 κοιλίη
1210 869 1311 914 ἔνδον
1345 872 1577 923 ἐπείγει.

438 943 465 985 i.
483 957 518 987 e.
553 946 673 988 donec
705 955 838 990 venter
869 958 1004 1006 umet,
1040 950 1106 992 vel
1137 949 1215 1002 ἔμ’
1251 952 1424 1006 ἴσχει,
1456 970 1518 997 me
1547 956 1703 998 retinet.

499 1113 569 1168 36,
587 1112 748 1166 ΧΧΧΙ,
767 1116 793 1157 6
826 1117 869 1158 et
902 1117 972 1172 39,
990 1116 1190 1175 XXXIV,
1224 1121 1267 1162 et
1300 1120 1323 1163 7
1357 1120 1552 1163 indicant
1592 1120 1772 1164 formam
1812 1121 2010 1166 Doricam

438 1189 487 1241 ὦς
507 1205 554 1229 =
572 1190 662 1250 οὖς,
697 1196 748 1237 de
779 1210 863 1251 qua
890 1196 973 1239 alia
998 1198 1241 1242 testimonia
1256 1200 1351 1243 vide
1367 1201 1413 1243 in
1430 1200 1633 1244 Thesauri
1650 1202 1732 1247 vol.
1750 1201 1805 1255 V,
1823 1202 1940 1247 2419
1955 1203 2009 1248 A.

499 1351 568 1402 37,
586 1350 766 1394 XXXII.
890 1355 1063 1408 ΓραφΙς.

647 1434 790 1481 Οὐδεὶς
823 1436 991 1488 σπορεύς
1024 1452 1125 1492 μου,
1160 1438 1228 1480 καὶ
1260 1438 1372 1492 φύω
1404 1442 1556 1492 σπορᾶς
1588 1439 1714 1494 δίχα·

645 1515 784 1569 τρέφει
818 1532 872 1566 με
905 1517 1061 1570 πέτρα,
1093 1519 1161 1562 καὶ
1194 1523 1469 1572 καλοῦμαι
1505 1522 1600 1574 πρὸς
1633 1521 1724 1564 τόδε
1757 1522 1842 1567 κτὲ.

438 1594 580 1638 Vertit
611 1595 813 1653 Gougny:

643 1677 798 1720 Nullus
831 1681 946 1721 sator
977 1679 1082 1722 mihi
1113 1683 1155 1723 et
1187 1681 1343 1738 absque
1376 1682 1536 1725 semine
1565 1698 1723 1734 nascor,

644 1758 722 1801 alit
752 1773 819 1801 me
849 1759 981 1815 lapis,
1015 1753 1141 1816 atque
1174 1762 1226 1804 ad
1258 1762 1387 1806 hocce
1417 1779 1601 1807 exornor.

435 1840 648 1880 annotans
681 1842 831 1882 καλοῦν
865 1855 889 1882 a
923 1841 1065 1896 griphi
1096 1844 1265 1885 auctore
1298 1859 1406 1886 nove
1437 1844 1582 1887 fictum
1615 1845 1747 1888 videri
1787 1859 1863 1902 pro
1903 1856 2008 1888 καλ-

433 1918 576 1962 λύνειν.
609 1919 816 1975 Equidem
848 1924 1096 1964 vertendum
1128 1923 1333 1967 arbitror:

642 2000 777 2043 Nemo
811 2004 925 2044 sator
956 2003 1081 2055 mihi,
1115 2006 1158 2046 et
1186 2006 1307 2061 yiyno
1340 2005 1429 2048 sine
1460 2007 1640 2058 semine;

639 2081 807 2125 Educat
837 2098 903 2126 me
934 2084 1066 2140 lapis,
1100 2087 1142 2127 et
1174 2086 1243 2137 (ab
1276 2088 1342 2142 eo)
1375 2101 1500 2130 vocor
1529 2090 1583 2130 ad
1613 2088 1694 2131 hoc
1725 2091 1878 2144 (opus).

437 2160 569 2218 ἅτ’-οπο
602 2165 685 2205 sine
717 2166 864 2207 semine
894 2165 1133 2221 significare
1165 2167 1330 2209 videtur
1363 2168 1520 2211 litteras
1549 2171 1670 2225 9i9no
1697 2185 1773 2228 per
1799 2178 2006 2213 atramen-

429 2250 529 2284 tum.
573 2243 757 2299 Pumex,
791 2245 864 2300 qui
900 2246 1075 2288 terendo
1109 2246 1315 2289 calamum
1349 2249 1616 2304 scriptorium
1649 2250 1884 2293 educatoris
1911 2265 2006 2293 mu-

430 2337 530 2365 nere
570 2323 779 2380 fungitur,
813 2340 907 2367 eum
941 2328 994 2368 ad
1025 2340 1129 2382 opus
1161 2343 1281 2370 suum
1314 2329 1595 2372 factitandum
1629 2333 1763 2375 vocat.
1810 2329 2005 2374 Ceterum

432 2404 580 2447 melius
611 2408 823 2461 poetaster
855 2407 1110 2463 scripsisset:

640 2485 779 2539 τρέφει
812 2504 865 2538 με
899 2488 1027 2540 πέτρα
1061 2489 1129 2531 καὶ
1160 2496 1329 2533 καλεῖ
1354 2507 1418 2542 με
1452 2491 1545 2544 πρὸς
1581 2491 1683 2535 τόδε.

431 2581 484 2608 an
519 2567 755 2622 scripserit,
790 2569 945 2611 nescio.
978 2569 1071 2612 Hoc
1104 2570 1224 2612 video
1255 2572 1534 2635 mutationem
1568 2587 1655 2615 esse
1686 2573 1973 2630 perexiguam.

490 2647 703 2690 Audaciae
735 2648 770 2690 si
802 2649 918 2691 loeus
951 2653 1083 2698 esset,
1113 2651 1373 2706 suspicarer:

639 2729 818 2781 τρίβει
852 2746 905 2780 με
941 2731 1070 2783 πέτρα
1104 2732 1173 2773 καὶ
1206 2739 1370 2775 καλεῖ
1397 2750 1462 2783 με
1497 2733 1591 2787 πρὸς
1625 2734 1803 2786 τομήν.

638 2809 773 2859 τέμνει
807 2810 984 2864 σίδηρος·
1019 2812 1072 2858 εἷς
1107 2812 1189 2854 δέον
1221 2829 1266 2855 τε
1299 2814 1509 2862 λεπτύνας

635 2891 729 2941 ἀνὴρ
764 2892 990 2944 χαραγμὸν
1025 2893 1182 2945 εὐφυῶς
1217 2900 1325 2937 ποιεῖ
1355 2894 1476 2945 μέσον
1509 2896 1591 2937 κτὲ.

427 2969 508 3014 Sed
549 2971 599 3013 de
642 2972 852 3014 industria
884 2986 1007 3029 saepe
1041 2973 1208 3017 obscuri
1240 2977 1341 3018 sunt
1371 2975 1521 3019 horum
1552 2975 1799 3034 griphorum
1831 2990 1999 3034 compo-

427 3052 592 3095 sitores.
