2138 3580
1183 338 1236 382 78

634 468 719 510 Τῆς
753 465 823 505 τοῦ
856 461 1078 514 προσιόντος
1114 461 1250 513 ἀνδρὸς
1284 462 1432 509 ἐννοίας
1465 461 1529 503 ἀεὶ

635 545 774 598 σαφὴς
808 543 986 596 ἔλεγχος
1019 544 1042 592 ἡ
1076 541 1269 595 πρόσοψις
1303 542 1487 593 γίνεται,

426 636 600 679 alteram
633 635 794 678 hanee:
1254 618 1260 622 .

637 727 758 769 Δι’δου
791 724 1000 776 προθύμως
1033 723 1051 766 ὃ
1085 724 1305 777 παρέχεις,
1340 724 1363 773 ἢ
1397 724 1454 773 μὴ
1487 723 1616 765 mou·

635 809 748 860 παρα
781 807 864 858 γαρ
891 805 937 848 τὸ
971 805 1108 857 μικρὸν
1141 805 1300 856 γίνεται
1337 805 1490 857 πλήρης
1524 802 1664 857 χάρις.

460 971 531 1021 63,
564 971 603 1013 4.
636 968 834 1024 Suppleri
867 970 1025 1024 potest:

634 1061 778 1102 “anoe
811 1058 960 1110 θέλεις,
995 1057 1180 1110 προέξεις·
1214 1058 1387 1110 εὑρήσεις
1425 1056 1562 1114 [πάνθ’
1596 1054 1673 1100 ὅσα
1703 1056 1802 1111 Bm.

427 1153 515 1195 sive
556 1152 687 1204 ζητεῖς
733 1151 890 1201 mavis,
922 1164 1043 1205 saepe
1075 1150 1186 1192 enim
1221 1151 1334 1205 apud
1365 1163 1479 1191 seros
1509 1148 1587 1190 hos
1619 1148 1827 1191 versificos
1857 1147 2001 1191 littera

429 1240 461 1277 Z
504 1247 590 1276 non
632 1233 734 1275 facit
766 1232 1032 1288 positionem.
1063 1230 1235 1273 Rectius
1266 1232 1407 1272 autem
1440 1229 1516 1271 hos
1548 1243 1629 1271 vss.
1663 1231 1706 1271 et
1736 1240 2001 1284 praegressos

425 1315 519 1371 (62)
550 1313 699 1357 Kaibel
732 1313 875 1369 posuit
905 1313 1016 1354 inter
1047 1310 1228 1353 oracula.

491 1478 560 1531 64,
596 1477 635 1518 1.
670 1477 792 1525 Δήσω
827 1476 927 1526 ἐγὼ
961 1474 1214 1516 Σωσίκλειαν
1248 1474 1334 1529 κα[ὶ
1368 1473 1586 1529 κ]τήματα
1621 1472 1688 1514 καὶ
1721 1470 1838 1524 μέγα
1871 1469 2000 1519 κῦδος.

430 1557 492 1601 Ut
534 1560 655 1600 exeat
695 1556 958 1606 hexameter,
1001 1555 1138 1597 delere
1179 1554 1312 1610 possis
1350 1567 1606 1609 pronomen,
1651 1552 1766 1607 quod
1794 1550 2003 1594 addiderit

433 1639 663 1694 lapidarius
695 1638 892 1693 deeeptus
923 1651 985 1680 vs.
1020 1636 1133 1679 3tio:
1815 1624 1823 1634 ”

643 1730 762 1778 Δήσω
796 1729 894 1780 ἐγὼ
927 1728 1054 1776 κείνην
1089 1728 1164 1770 ὑπὸ
1197 1725 1407 1779 Τάρταρον
1441 1725 1641 1778 ἠερόεντα.

431 1821 681 1863 Σωσίκλειαν
726 1819 957 1875 pronuntia
1000 1817 1249 1860 Σωσίκλεαν.
1293 1815 1359 1860 Of.
1401 1816 1454 1858 ad
1486 1815 1566 1866 III,
1597 1816 1667 1859 69.
1700 1814 1902 1858 Similiter
1931 1812 1999 1856 III

433 1901 516 1943 120
549 1903 711 1953 πορείαν
744 1900 871 1942 habet
902 1898 1120 1954 anapaesti
1152 1912 1405 1941 mensuram.
1454 1898 1650 1940 Fortasse
1681 1898 1825 1938 tamen
1857 1894 2000 1937 nullus

431 1982 575 2025 subest
603 1995 739 2031 error,
773 1981 844 2023 sed
879 1980 998 2028 Δήσω
1036 1978 1249 2029 ἐγὼ-καὶ
1284 1979 1483 2028 κτήματα
1509 1977 1595 2020 κτὲ.
1624 1977 1689 2018 est
1714 1975 1917 2027 formula,
1935 1975 2003 2018 eui

430 2077 507 2118 pro
538 2077 583 2104 re
613 2065 713 2104 nata
745 2061 963 2117 quodlibet
996 2074 1151 2102 nomen
1183 2059 1464 2101 inserebatur.

465 2227 535 2277 66,
572 2228 608 2267 1.
642 2225 867 2276 Περπούρου
900 2225 943 2265 τὸ
978 2222 1182 2275 πρόσωπον
1215 2222 1301 2269 ἐμοὶ
1339 2221 1563 2273 προσιόντος
1593 2220 1793 2270 ἀπαρκεῖ,

647 2305 776 2348 οὐκέτι
809 2306 843 2346 δ’
875 2304 1156 2354 ἐξόπισθεν
1190 2302 1278 2344 καὶ
1314 2301 1579 2352 παριόντα
1613 2298 1772 2350 βλέπω.
1805 2299 1888 2340 κτὲ.

435 2398 670 2447 Ἐξόπισθεν
704 2399 883 2438 metrum
915 2395 1083 2442 turbat,
1116 2394 1183 2435 καὶ
1218 2393 1415 2443 παριόντα
1449 2391 1714 2433 sententiam.
1746 2388 1941 2445 Corrige:

645 2489 774 2531 οὐκέτι
807 2486 842 2528 δ’
877 2486 1121 2537 ἐξόπιθεν
1154 2480 1273 2526 καῦτ’
1308 2482 1469 2539 (αὖτ’ῗ)
1495 2481 1724 2524 ἀπιόντα
1754 2480 1913 2532 βλέπω.

498 2652 567 2702 68,
598 2652 637 2693 4.
667 2649 803 2704 Lege:
832 2649 878 2694 ὡς
908 2646 1109 2698 γέγονας,
1141 2644 1272 2692 ἔθελες
1304 2646 1360 2693 δὴ
1387 2630 1443 2696 (δὲ
1460 2644 1533 2686 vit.
1552 2645 1681 2699 typ.‘?)
1699 2641 2004 2696 κιθαριζέμεναι.

500 2814 569 2856 71.
648 2813 780 2854 Αὐτοῦ
813 2826 905 2865 μοι,
940 2809 1203 2859 Κλεύβουλε,
1236 2807 1351 2859 παρὰ
1385 2805 1682 2859 στροφαλιγγα
1715 2805 1876 2857 θυραίαν

708 2890 986 2942 κλεπτομένης
1020 2889 1191 2942 χάρισαι
1226 2888 1420 2940 Κύπριδος
1454 2885 1711 2939 εὐφροσύνην.

647 2973 824 3030 Β[ρι’]ξαι
858 2970 948 3024 ἔρως
983 2972 1052 3014 οὐκ
1084 2968 1165 3012 οἶδε
1202 2970 1556 3019 ποθούμενος·
1591 2968 1613 3016 ἦ
1645 2968 1752 3019 γὰρ
1783 2965 1969 3017 ἀνάγκης

706 3053 860 3104 μίξις
893 3052 1219 3105 προστίμοις
1254 3050 1465 3102 ἐνδέχεται
1497 3047 1674 3091 πάθεσιν.
