2138 3580
902 340 955 383 81

137 459 315 505 tinxisse
360 463 404 505 et
446 460 715 505 intellexisse.
758 459 908 503 Deleta
951 461 1119 517 virgula
1161 463 1258 516 post
1290 459 1444 514 πόρσω,
1480 461 1725 517 distingue:

807 542 991 596 ἀσόφως.
1026 542 1158 591 κενός,
1193 539 1232 590 ὅς
1265 558 1317 594 γε
1350 542 1569 593 peanum.

200 690 300 743 104,
319 690 359 735 5.
394 689 697 746 obtemperare
727 689 1072 737 debebateditor
1099 689 1301 734 Oramero
1329 690 1531 732 scribenti
1548 689 1630 735 πῶς
1649 704 1726 746 pro

137 789 220 821 πως
262 787 360 816 cum
398 772 695 828 interrogandi
734 771 858 828 signo
901 774 998 827 post
1037 770 1190 823 αἴγλην
1209 772 1297 825 (9);
1343 771 1455 828 quod
1487 771 1578 826 ipse
1609 771 1728 813 dedit

136 849 290 899 falsum
329 868 419 898 esse
447 853 652 897 evincunt
683 867 743 897 vs.
782 852 834 895 10
868 867 961 909 sqq.
997 877 1053 884 —
1089 852 1162 895 Vs.
1201 853 1254 895 12
1291 853 1393 895 vitio
1427 867 1584 896 vacans
1616 852 1726 894 male

135 925 330 980 tentatur
359 950 385 978 a
415 933 638 992 Oougnyo.
675 959 726 967 —
762 934 837 977 Vs.
875 935 931 976 14
964 948 1059 977 cum
1091 934 1260 976 Piccolo
1293 934 1454 978 scribe:

225 1017 366 1062 Ἀλλά
392 1019 452 1073 μ’,
482 1017 618 1068 ἅναξ
643 1020 738 1073 (pro
759 1033 813 1067 με
830 1016 918 1070 καὶ)
944 1016 1098 1069 ἐλέκιρε
1119 1015 1187 1058 καὶ
1207 1016 1344 1058 εἰκόνα
1365 1018 1475 1058 θεῖσιν
1502 1016 1584 1059 ὁδε
1599 1017 1724 1063 ύοις.

134 1098 245 1151 Quid
275 1099 356 1143 sibi
387 1099 493 1142 velit
523 1098 657 1150 ὂδόου,
690 1098 803 1155 quod
836 1098 980 1154 posuit
1014 1097 1076 1149 O„
1113 1098 1202 1153 ipse
1235 1098 1388 1140 videat.
1424 1097 1647 1154 Sequitur:

347 1179 528 1236 δεξιτερῇ
561 1180 655 1224 ποτ’
683 1180 908 1231 ’Ὄλυμπον
940 1179 1274 1233 ὦνοὶτροπον,
1311 1178 1402 1222 ἔνθα
1437 1180 1576 1228 θόωκος

347 1263 558 1315 μακραίων
589 1262 607 1304 ὂ
639 1262 734 1317 σός,
768 1262 853 1304 κτὲ.

131 1344 215 1388 Pro
246 1344 496 1400 ἁναὶτροπον,
528 1344 642 1400 quod
674 1343 822 1400 procul
855 1343 984 1386 dubio
1016 1346 1263 1399 corruptum
1295 1346 1380 1399 est,
1414 1342 1596 1400 Cougny
1622 1358 1722 1399 pro-

129 1427 274 1485 posuit
303 1427 575 1482 ἀνάστροφον,
609 1442 837 1478 reversum,
869 1426 971 1469 licet
997 1427 1134 1468 solum
1162 1426 1408 1469 adverbium
1437 1427 1722 1483 ἀναστρόφως,

130 1510 210 1553 vioe
251 1524 382 1564 versa,
425 1511 666 1564 agnoscant
705 1507 852 1550 lexica.
897 1506 987 1550 Nec
1021 1523 1147 1564 quem
1179 1522 1348 1550 sensum
1380 1508 1582 1551 idoneum
1616 1509 1722 1552 haec

130 1590 313 1635 mutatio
342 1590 543 1647 praebere
568 1590 703 1646 possit
729 1590 923 1646 equidem
950 1604 1164 1646 assequor.
1198 1588 1531 1634 Dubitabundus
1558 1592 1721 1634 conicio

130 1671 411 1724 δεξιτερὴν
465 1671 559 1715 ποτ’
593 1672 818 1722 ’Ὄλυμπον
866 1674 938 1713 ἀν’
988 1671 1234 1722 ἀτραπόν
1284 1673 1394 1723 κτὲ.,
1442 1673 1466 1714 i.
1490 1688 1525 1715 e.
1574 1675 1721 1716 dextra

129 1753 303 1809 (fausta)
345 1756 488 1798 semita
531 1755 620 1797 sive
662 1757 735 1795 ἀν’
768 1755 972 1807 οέτροπό
982 1772 1026 1805 ν,
1060 1755 1110 1796 de
1143 1769 1228 1810 qua
1260 1754 1396 1796 forma
1429 1755 1624 1797 vocabuli
1666 1756 1719 1798 cf.

128 1836 283 1880 Kaibel
314 1851 416 1894 pag.
453 1837 536 1880 190
570 1837 656 1894 (ad.
689 1837 812 1894 457),
845 1837 918 1880 sed
950 1836 1046 1879 vide
1079 1852 1145 1879 me
1177 1837 1230 1879 ad
1263 1836 1308 1879 ΙΙ
1341 1837 1440 1881 703.
1469 1837 1719 1881 Notandum

129 1921 240 1962 θεῖσιν
271 1918 432 1962 dictum
465 1933 542 1976 pro
574 1919 694 1971 θείην,
727 1922 776 1962 ut
808 1918 950 1970 δῖαν,
983 1920 1097 1974 quod
1131 1918 1385 1962 substituere
1417 1934 1506 1962 non
1538 1921 1684 1963 ausim.

194 2087 292 2131 107.
339 2088 420 2130 Ka?
453 2086 528 2140 ζῶν
563 2088 644 2138 ἐγώ
677 2104 758 2139 σε,
791 2087 973 2139 μάρτυς,
1009 2087 1230 2130 ἐπλούτουν
1265 2088 1443 2138 σκέπην,

340 2169 476 2223 χειρὸς
510 2169 551 2212 δὲ
583 2174 653 2219 τῆς
688 2174 759 2218 σῆς
794 2170 860 2211 xa>
895 2170 1018 2211 θανὼν
1053 2169 1270 2221 ἐδεξάμην.

125 2249 192 2293 Ex
233 2249 367 2293 altero
409 2265 556 2306 versu,
601 2250 674 2293 ubi
715 2250 868 2300 σκέπην
901 2253 1043 2293 mente
1076 2252 1355 2307 repetendum
1390 2254 1472 2309 est,
1509 2254 1610 2295 satis
1642 2268 1718 2309 ap-

126 2334 268 2389 paret,
311 2333 426 2388 quod
468 2332 599 2375 etiam
637 2347 714 2388 per
754 2347 798 2375 se
843 2333 1064 2388 probabile
1106 2315 1196 2384 est,
1236 2334 1284 2375 in
1315 2333 1454 2389 priore
1485 2334 1714 2390 legendum

126 2427 217 2456 esse
248 2413 578 2471 σὺν-σκέπην,
613 2429 691 2457 nec
722 2413 824 2457 ferri
857 2429 978 2470 posse
1007 2415 1181 2458 editoris
1208 2415 1619 2471 interpretationem.
1651 2416 1718 2459 Ad

125 2496 381 2538 structuram
412 2495 532 2538 verbi
564 2501 756 2539 πλουτεῖν
789 2510 883 2539 cum
917 2497 1206 2539 accusativum
1240 2497 1292 2540 cf.
1328 2497 1582 2543 Thesaurus.

128 2663 229 2716 111,
265 2665 304 2709 1.
339 2665 546 2714 Οὖτιδανὴ
579 2666 672 2718 χεὶρ
704 2667 861 2719 νεῦρα
896 2665 929 2707 δ’
962 2666 1244 2726 οὶπέτμοογεν,
1281 2667 1366 2709 κτὲ.

127 2745 276 2789 Malim
309 2746 462 2801 νεῦροέ
495 2746 543 2797 μ’
579 2747 847 2798 οὶπέτμοιγεν.

130 2913 230 2966 113,
267 2915 305 2958 l.
339 2913 479 2965 Δόξαν
510 2917 714 2966 μεγίστην
747 2919 818 2958 τοῦ
852 2919 955 2959 Θεοῦ
989 2916 1214 2970 δεδορκότες

119 2980 124 2987 ⁶
337 2998 503 3051 ἔχοντες
534 2996 654 3049 ὄμμα
687 2998 755 3040 καὶ
789 2998 917 3052 χέρας
951 2998 1189 3050 ἐπηρμένοις

336 3078 519 3126 &Pam-sc
553 3080 765 3131 εὐλογεῖτε
799 3081 866 3122 τὸν
900 3080 1211 3133 παντεργάτην,
1246 3081 1330 3123 κτέ.
