2138 3580
1192 356 1249 397 64

615 482 746 518 κεῖται
781 475 814 517 δ’
849 475 1018 522 ἄναυδος
1054 476 1091 517 ἐν
1125 476 1220 530 πίθῳ
1256 479 1524 529 κολυμβήσας

614 556 838 606 κάθυπνος,
873 557 922 603 ὡς
955 558 1123 606 μήκωνα
1156 557 1377 617 Φάρμακον
1409 558 1544 601 πίνων.

434 637 485 679 In
528 637 592 679 his
624 637 915 679 Parmenionis
947 636 1193 678 eholiambis
1225 638 1334 692 apud
1368 637 1522 681 Athen.
1558 639 1596 681 V
1629 654 1669 694 p.
1703 639 1785 682 221
1820 639 2014 695 οΗθῑιᾱὶῒι

433 722 476 761 et
508 719 719 761 sententia
752 720 793 760 et
825 718 960 773 turpis
998 717 1152 761 hiatus.
1189 717 1495 774 Gorrigendum
1528 721 1738 775 suspicor:

617 799 806 842 Σκυθιστὶ
839 800 1048 852 φαίνετ’
1080 799 1166 841 οὐδὲ
1198 799 1342 842 κόππα
1374 801 1621 851 γιγνώσκων.

435 882 517 925 i.e.
552 881 742 924 Σκυθιστὶ
775 880 1010 930 ἀμαθαίνων
1043 880 1111 922 καὶ
1147 879 1374 933 σολοικίζων
1407 881 1617 933 Φαίνεται.

482 1047 580 1090 135.
614 1046 778 1090 Ἐνθοὶδε
812 1049 856 1090 τὸ
891 1048 1072 1100 πρόθυρον
1109 1048 1324 1098 δωμήσατο
1356 1048 1516 1100 τείχεος
1550 1047 1657 1093 ε’ντὸς

738 1129 892 1180 ὑψηλὸν
922 1129 1065 1181 ζαθέης
1096 1129 1243 1175 Ἴσιδος
1276 1128 1513 1181 ἀρχιερέως·

617 1213 708 1262 πρὸς
744 1209 779 1252 δ’
814 1208 872 1252 ἔτι
905 1213 988 1252 καὶ
1022 1210 1108 1252 τὸν
1141 1209 1289 1251 ἅνυσσε
1323 1211 1470 1252 πυλῶν’
1513 1210 1593 1263 ἱερῇ
1630 1209 1682 1251 ἐνὶ
1716 1209 1850 1252 Κύσει.
1885 1208 1970 1251 κτὲ.

436 1291 641 1335 Graecum
686 1305 772 1333 non
814 1293 877 1333 est
919 1292 986 1333 τὸν
1026 1291 1174 1334 ἄνυσσε
1217 1295 1382 1332 πυλῶνα
1427 1304 1503 1346 pro
1539 1289 1691 1332 ἄνυσσε
1723 1291 1790 1333 τὸν
1820 1292 2011 1340 πυλῶνα,

436 1387 589 1428 quare,
638 1372 673 1414 si
719 1371 847 1414 verba
892 1386 1018 1421 sana,
1069 1371 1381 1426 epigrammatis
1431 1373 1578 1412 auctor
1624 1370 1850 1412 articulum
1897 1383 2013 1412 more

436 1453 659 1496 Homerico
692 1453 887 1495 adhibuit
915 1467 993 1508 pro
1024 1453 1274 1508 pronomine
1307 1451 1668 1494 demonstrativo.
1701 1450 1783 1494 Sed
1814 1450 2013 1506 probabi-

437 1535 519 1577 lius
561 1537 664 1590 puto
709 1538 926 1576 KAITON
969 1533 1077 1576 male
1109 1533 1365 1588 descriptum
1396 1545 1485 1574 esse
1515 1546 1591 1587 pro
1626 1537 1868 1582 KAINON‚
1902 1545 2010 1573 και-

441 1617 762 1659 νὸν-πυλῶνα.
795 1615 926 1657 Recte
956 1613 1090 1657 Anth.
1125 1613 1213 1656 Pal.
1246 1613 1304 1655 VI
1340 1612 1417 1664 35,
1455 1613 1480 1654 6
1512 1615 1589 1655 τᾶν
1619 1626 1696 1668 pro
1728 1612 1806 1654 ταν
1827 1611 2010 1654 correxit

437 1696 685 1740 Sternbaeh.

501 1865 599 1907 137.
641 1862 765 1906 Falsa
796 1863 1090 1919 supplementa
1121 1863 1184 1918 (1)
1216 1866 1340 1913 μῆκος
1381 1861 1416 1918 [ὃ
1448 1860 1584 1916 τήνδε]
1619 1862 1662 1902 et
1691 1861 1755 1917 (3)
1789 1840 2000 1916 mosoBsd-

435 1962 510 1992 σας
556 1945 704 1987 merito
745 1944 925 1999 explosit
965 1943 1116 1985 Kaibel
1158 1955 1256 1998 pag.
1289 1941 1390 1984 472.
1422 1942 1518 1997 Ipse
1549 1941 1705 1983 Mnem.
1742 1940 1880 1992 1882,
1914 1940 1999 1983 397

367 2074 373 2079 -
436 2026 600 2069 tentavi
615 2040 623 2069 :

619 2105 799 2149 Ἑπτοέκι
832 2106 922 2152 τοὺς
958 2106 1101 2147 ἑκατὸν
1134 2105 1282 2156 πήχεις
1316 2104 1371 2150 εἰς
1405 2108 1531 2153 μῆκος
1567 2104 1608 2159 [,
1643 2102 1800 2152 ὂδεῖτα,

679 2188 750 2236 την
782 2187 860 2237 Ἰβὶ
895 2186 1099 2237 κόσμησεν
1131 2184 1338 2238 στρώματι
1370 2185 1424 2236 τῷ
1457 2185 1587 2237 λιθινῷ

617 2269 844 2321 Ἑρμόλεως
878 2268 895 2310 ὅ
928 2267 1088 2318 γυναικὶ
1122 2266 1194 2307 σὺν
1228 2265 1421 2318 ’Λνθούση
1452 2264 1744 2321 με[ταναστὰς

681 2349 871 2402 πατρίδος
905 2348 948 2398 ἐξ
981 2350 1149 2401 Ἑρμοῦ,
1183 2347 1261 2394 υἱὸς
1295 2347 1312 2388 ὃ
1346 2346 1576 2399 Ἑρμοβίου.

439 2431 560 2475 Nihil
606 2434 745 2473 autem
793 2430 901 2473 sumi
947 2430 1084 2483 vetat,
1131 2428 1177 2469 in
1217 2427 1356 2483 lapide
1397 2426 1548 2469 vitiosa
1589 2425 1843 2482 aspiratione
1873 2424 2001 2468 fuisse

440 2513 739 2570 μεθ[ανοὶστας.

491 2668 589 2713 140.
624 2667 731 2711 Οὐδὲ
761 2668 872 2710 σέθεν
903 2667 1075 2720 γεραρην
1109 2664 1168 2708 ἴδ’
1200 2666 1391 2718 ἐρατὴν
1425 2663 1696 2712 πυκτηίδα

625 2751 798 2801 ἡμιτελῆ
833 2747 1060 2802 παρέθηκα,
1094 2747 1238 2800 σοφίης
1272 2745 1432 2800 ὄρχαμε
1464 2743 1595 2798 ὦσχε,
1629 2745 1713 2787 κτὲ.

442 2831 630 2874 Primum
672 2831 796 2873 huius
837 2830 883 2872 in
927 2828 1166 2885 Oppianum
1207 2827 1521 2884 epigrammatis
1560 2840 1725 2869 versum
1741 2856 1751 2876 ,
1793 2838 1917 2880 quem
1948 2824 2008 2867 sie

445 2912 575 2954 edidit
606 2911 842 2953 Bandinius
860 2941 870 2961 ‚
902 2909 1019 2952 facili
1050 2909 1291 2951 coniectura
1323 2909 1381 2950 sie
1412 2908 1613 2950 restituo:

628 2991 733 3034 Οὐδὲ
765 2991 874 3033 σε’θεν
906 2990 1076 3042 γεραρὴν
1109 2989 1164 3032 ἰδ’
1198 2989 1425 3042 ε’ραστην
1458 2986 1654 3036 πυξίδα
1687 2975 1840 3035 τήνδε
1871 2984 1954 3028 ml.

444 3072 584 3115 Musas
616 3074 667 3114 de
697 3085 812 3113 more
841 3071 971 3113 iratas
1002 3070 1081 3112 sibi
1111 3069 1261 3112 habuit
1291 3067 1469 3124 Oougny
1501 3067 1686 3111 scribens
1717 3065 1766 3109 ἴδ’
1799 3066 1878 3117 ἐγὼ
1910 3081 2008 3108 πυκ·
