2138 3580
907 331 986 373 149

143 450 235 496 XII
266 451 339 503 97,
373 453 413 497 3.
449 453 493 496 ἐκ
528 451 570 495 δέ
603 469 648 496 νυ
681 451 885 506 Μηριόνεω
920 452 1181 503 Ποδαλείριος
1216 451 1350 495 οὐκέτ’
1387 452 1426 500 ἐς
1461 451 1553 495 Ἢὼ

271 522 276 527 .
513 538 666 577 νεῖται·
699 532 755 576 ἴδ’
788 535 838 580 ὦς
870 534 1047 586 Φθονερά
1080 533 1392 585 παγγενέτειρα
1427 533 1570 586 Φύσις.

208 612 386 657 Minime
426 614 696 658 satisfaciunt
737 615 981 671 propositae
1025 615 1354 671 explicationes,
1396 615 1440 656 et
1470 628 1622 657 sanum
1654 628 1744 656 esse

148 696 229 740 'ch
262 696 385 740 valde
415 696 580 739 dubito.
614 696 805 753 Sequens
837 700 980 739 autem
1017 697 1234 740 distichon

392 779 443 821 Εἰ
476 779 560 833 γὰρ
593 779 649 832 τῷ
682 779 739 821 τά
771 778 811 820 τ’
843 778 969 830 ἔνερθε
1004 779 1061 822 τοὶ
1094 778 1127 820 θ’
1163 778 1308 831 ὑψόθεν
1343 775 1414 820 ἶσαι
1448 776 1637 828 πέλοιτο,

454 856 498 908 ἦν
532 859 582 903 ἂν
616 861 846 914 Ἀχιλλῆος
879 859 1069 914 Φέρτερος
1107 859 1336 915 Αἰακίδεω,

147 941 223 985 ubi
262 942 406 985 iuveni
450 942 718 998 Ποδαλειρίῳ,
760 943 788 986 i.
830 958 865 987 e.
901 942 1080 998 pedibus
1115 942 1267 996 debili,
1303 942 1538 998 opponitur
1569 941 1747 983 heroum

150 1023 342 1067 omnium
383 1023 693 1079 velocissimus,
736 1023 842 1066 facit
883 1027 932 1067 ut
973 1024 1162 1080 suspicer
1193 1023 1473 1079 Antipatrum
1506 1022 1746 1079 scripsisse:

150 1103 286 1148 οὐκέτ’
325 1105 364 1152 ἐς
390 1101 544 1148 Ἦλιν
574 1103 590 1157 ΙΙ
621 1110 774 1157 νεῖται,
818 1107 903 1148 iam
945 1121 1027 1149 non
1067 1106 1199 1148 adibit
1236 1104 1496 1163 Olympiam,
1530 1104 1591 1147 ibi
1623 1118 1747 1148 cursu

155 1188 405 1231 certaturus.

215 1333 304 1378 XII
338 1334 438 1387 118,
473 1334 514 1379 5.
546 1335 695 1378 Ἐλθὼν
730 1336 766 1378 δ’
799 1336 869 1378 οὐκ
902 1334 1129 1388 ἐβόησα,
1163 1335 1227 1382 τΙς
1260 1335 1282 1385 ἢ
1317 1336 1421 1382 τίνος
1455 1335 1541 1378 me.

214 1414 439 1459 Sententia
481 1416 593 1459 clare
633 1417 825 1473 postulat
867 1419 936 1460 ἐΝ
954 1418 1088 1467 dno-oa
1131 1417 1232 1469 κτὲ.,
1279 1420 1328 1460 ut
1370 1419 1481 1474 apud
1514 1416 1749 1459 Homerum

155 1504 197 1542 A
243 1497 298 1541 15
341 1497 562 1542 novissimi
603 1498 785 1542 editores
827 1498 1176 1555 (Lugdunenses)
1219 1502 1330 1542 recte
1370 1500 1624 1555 receperunt
1663 1498 1747 1541 exi-

155 1578 287 1623 miam
328 1578 491 1623 Naberi
527 1580 869 1623 emendationem
912 1580 1090 1629 ἐΝόησ-εν
1131 1596 1210 1638 pro
1244 1580 1427 1630 ε’Βόησ-εν.
1462 1581 1552 1624 Iam
1586 1580 1752 1623 Pierso-

156 1676 262 1704 num
319 1662 467 1705 eodem
522 1677 647 1706 sensu
704 1663 828 1706 video
882 1663 1109 1706 coniecisse
1169 1663 1330 1713 ε’Κόησα
1347 1695 1358 1715 ,
1405 1678 1485 1707 nec
1532 1662 1754 1706 Plutarchi

153 1742 360 1802 codicum.
395 1757 490 1787 cum
536 1743 736 1787 Palatino
785 1744 895 1787 libro
939 1745 1200 1801 conspiratio
1242 1746 1289 1788 in
1331 1747 1421 1788 tam
1464 1745 1643 1801 proclivi
1686 1759 1752 1787 er-

149 1839 247 1869 rore
286 1825 519 1882 quidquam
562 1826 804 1882 significat,
848 1829 890 1869 et
926 1826 1116 1870 Piersoni
1149 1827 1421 1870 coniecturae
1454 1827 1590 1882 magis
1624 1826 1752 1869 etiam

153 1920 283 1963 quam
324 1921 442 1951 meae
482 1907 597 1951 favet
639 1908 993 1964 palaeographia,
1037 1909 1138 1964 quia
1176 1908 1209 1960 β
1242 1911 1286 1951 et
1317 1926 1342 1951 κ
1377 1909 1536 1965 passim
1569 1908 1753 1951 confun-

157 1987 333 2037 duntur.

214 2129 319 2182 XII'
351 2138 461 2190 143,
494 2137 536 2183 2.
571 2137 692 2182 Grasi
724 2139 904 2183 Doricae
936 2141 1049 2192 κήγὼ
1082 2154 1160 2196 pro
1193 2141 1312 2192 κάγὼ
1344 2140 1390 2183 in
1424 2140 1506 2183 hoc
1537 2139 1754 2197 epigram-

156 2222 272 2264 mate
303 2219 426 2264 locus
457 2235 548 2264 non
580 2223 658 2264 est.

223 2368 314 2413 XII
354 2368 456 2413 217.
499 2369 644 2412 Etiam
685 2370 732 2413 in
763 2370 845 2413 hoc
876 2370 1091 2414 Stratonis
1124 2371 1340 2427 poematio
1372 2372 1495 2414 iuxta
1527 2385 1647 2414 veras
1680 2384 1756 2413 vo-

162 2450 413 2495 cabulorum
454 2451 791 2508 significationes
822 2452 969 2495 foedae
1000 2453 1232 2496 allusiones
1265 2453 1435 2496 subesse
1469 2453 1672 2496 videntur
1703 2453 1757 2495 ad

163 2547 328 2577 amores
373 2534 596 2577 masculos.
639 2534 709 2577 Ita
752 2549 812 2577 vs.
859 2535 885 2577 3
929 2549 988 2590 sq.
1034 2534 1124 2588 δόρυ
1167 2534 1295 2577 simul
1339 2534 1578 2577 membrum
1611 2534 1758 2585 virile,

165 2613 300 2663 πέλτη
340 2617 550 2668 scrotum,
592 2616 761 2671 κεφαλή
805 2616 1006 2672 glandem
1050 2619 1093 2659 et
1134 2616 1248 2669 κόρυς
1292 2616 1485 2672 podicem
1518 2615 1763 2672 significare

165 2696 428 2740 crediderim.
