2138 3580
879 318 935 360 79

289 468 293 473 -
325 442 404 485 Ka)
438 443 521 495 γὰρ
554 441 654 488 Ζεὺς
687 441 769 488 θεὸς
804 439 872 490 ἦν·
901 440 1003 483 ἀλλ’
1040 440 1158 489 ἡνίκα
1192 439 1327 494 καιρὸν
1361 438 1559 483 ἔκλεπτεν
1580 472 1589 485 .

386 523 522 571 aiei-34
555 526 579 574 ἢ
612 521 863 574 Daroakana&
893 521 1033 569 κύκνος
1069 521 1287 573 ἐβλέπετο.

108 604 351 649 Secundum
381 604 594 648 distichon
626 604 776 647 misere
809 605 1090 660 depravatum
1125 604 1184 646 sie
1219 605 1361 646 tento:

323 686 577 742 Ῥῆξαι(9)
609 684 701 738 ἔρως
730 687 800 728 οὐκ
827 682 909 727 οἶδε
938 684 1099 728 πόθου
1127 685 1310 735 μένος·
1338 682 1361 734 ἦ
1389 684 1701 738 γὰράνοὶγκης

384 766 564 819 μίξεις
599 766 866 818 κᾶτίμους
902 767 1119 819 ἐνδέχεται
1152 767 1339 809 πάθεσιν.

110 849 320 906 Frangere
349 848 554 905 (domare)
585 850 693 891 enim
719 848 843 891 nescit
877 848 1012 891 Amor
1038 848 1231 891 desiderii
1265 850 1347 891 vim
1359 866 1374 899 ;
1397 864 1496 891 nam
1516 850 1702 907 profecto

109 929 341 987 (physicae)
390 931 635 973 necessitatis
678 930 889 987 affectibus
933 930 1093 985 coqitur
1135 937 1182 972 ut
1223 932 1350 972 etiam
1394 939 1533 988 turpes
1574 932 1702 974 coitus

113 1013 324 1055 admittat.
356 1010 490 1062 Quam
522 1025 611 1054 rem
642 1014 768 1067 poeta
798 1010 987 1053 illustrat
1019 1009 1134 1053 Iovis
1167 1012 1373 1066 exempli,
1407 1012 1480 1067 qui
1511 1011 1557 1053 in
1585 1025 1705 1054 amo-

113 1093 231 1137 ribus
271 1093 359 1137 suis
397 1096 542 1149 turpes
573 1092 734 1135 formae
767 1092 1024 1134 mutationes
1058 1106 1144 1134 non
1177 1092 1234 1134 sit
1264 1096 1529 1148 aspernatus.
1576 1093 1703 1136 Πόθον

115 1175 231 1227 μένος
268 1175 400 1219 debeo
432 1175 671 1226 Meinekio,
705 1176 778 1217 sed
809 1173 924 1227 ῥῆξαι
958 1174 1080 1229 posui
1106 1174 1334 1216 admodum
1363 1174 1707 1226 dubitabundus,

115 1256 325 1313 ignorans
357 1257 458 1313 quid
491 1256 648 1299 habeat
678 1257 823 1298 codex.
860 1255 1008 1298 Dicere
1041 1255 1154 1298 enim
1187 1255 1268 1298 hoc
1302 1256 1493 1312 neglexit
1524 1256 1674 1299 editor.

116 1399 188 1461 75,
225 1399 294 1444 75.
327 1397 467 1462 ἄλλην.
498 1403 574 1453 (se.
608 1399 766 1455 πηγὴν)
799 1399 1045 1450 καθαρτικῆν
1079 1399 1120 1441 δὲ

326 1485 472 1534 χυμῶν
505 1480 664 1532 μόνον
698 1483 946 1533 θρυλλοῦσιν.

116 1563 201 1607 Via
246 1577 398 1607 sanum
444 1565 510 1606 est
554 1563 698 1613 μόνον;
745 1563 935 1605 lateatne
975 1567 1147 1605 κακῶν
1189 1578 1245 1605 an
1277 1563 1415 1614 aliud,
1449 1563 1585 1606 dicere
1618 1578 1707 1606 non

116 1647 266 1688 audeo.
300 1645 522 1689 Praeterea
552 1645 598 1687 in
630 1646 777 1687 eodem
811 1644 1084 1687 SILnN'rIARu
1107 1645 1294 1688 carmine
1321 1645 1371 1687 de
1390 1645 1507 1688 miris
1523 1645 1705 1689 fontium

116 1727 448 1784 proprietatibus
479 1727 648 1770 offendo
680 1727 725 1769 in
758 1742 839 1770 vss.
873 1728 931 1770 83
965 1742 1056 1783 sqq.

329 1808 488 1862 ὄλβος
523 1810 563 1852 δὲ
599 1814 736 1861 πηγῆς
768 1810 854 1851 ἐστὶ

327 1892 453 1944 Φύσιν
486 1891 597 1935 κάτω
631 1894 703 1941 τὴν
735 1893 916 1946 κούφην,

328 1974 449 2024 ὁλκὴν
481 1975 522 2017 δὲ
554 1975 626 2022 τὴν
658 1974 832 2026 βοερεῖοιν

330 2053 411 2098 ἄνω
443 2055 580 2109 Φέρειν
611 2057 662 2102 ὡς
696 2055 843 2108 ἄχνην.

118 2135 213 2181 Nisi
254 2136 364 2180 forte
406 2138 536 2195 (quod
580 2140 806 2180 contextus
849 2139 1022 2189 suadet,
1060 2139 1156 2181 coll.
1195 2139 1386 2182 57—59.
1424 2141 1493 2183 68.
1531 2141 1599 2183 73.
1637 2140 1706 2186 75.

120 2220 190 2264 77.
232 2220 307 2275 al.)
346 2235 426 2276 pro
470 2219 592 2271 ὄλβος
635 2220 904 2263 scribendum
948 2223 1011 2263 est
1054 2219 1213 2272 ἄλλης,
1247 2222 1525 2277 cogitandum
1557 2223 1707 2265 saltem

117 2305 183 2345 est
213 2300 348 2352 ἄλλης
363 2333 374 2353 ,
402 2305 445 2344 et
470 2301 594 2354 ὄλβον
607 2302 663 2358 (P)
690 2317 781 2344 eam
803 2302 934 2345 fontis
951 2304 1254 2359 proprietatem
1273 2318 1441 2347 vocasse
1458 2305 1705 2348 existiman-

117 2382 195 2426 dus
227 2385 291 2426 est
320 2385 468 2440 poeta,
502 2383 615 2439 quod
647 2398 712 2425 res
745 2397 917 2439 graves,
953 2386 1002 2426 ut
1032 2385 1212 2439 pecunia
1245 2388 1288 2435 et
1320 2386 1516 2437 metalla,
1550 2387 1711 2443 pretio-

116 2465 247 2508 siores
288 2479 376 2508 esse
420 2465 560 2508 solent
601 2465 787 2515 levibus,
830 2479 938 2520 quae
981 2481 1091 2521 aqua
1123 2481 1210 2508 non
1243 2467 1602 2524 submerguntur,
1637 2470 1712 2511 sed

120 2547 158 2589 ei
200 2548 491 2603 supernatant.
531 2572 584 2578 -·
621 2546 695 2589 Vs.
735 2547 818 2588 169
852 2545 956 2594 εἶδος
990 2563 1076 2590 non
1110 2551 1174 2590 est
1203 2564 1329 2604 yenus
1361 2548 1579 2606 (Cougny)
1596 2581 1606 2601 ,
1640 2551 1712 2592 sed

113 2627 265 2685 forma
296 2627 384 2671 sive
415 2631 572 2687 species.

185 2761 254 2806 78.
334 2761 428 2805 Hoc
459 2761 745 2818 epigramma,
780 2761 863 2803 iam
897 2762 1053 2804 lectum
1086 2760 1131 2804 II
1166 2762 1277 2814 571,
1311 2763 1421 2806 male
1443 2763 1530 2807 h.1.
1558 2764 1714 2820 repetit

121 2843 278 2895 editor,
310 2843 438 2900 idque
468 2858 564 2886 eum
597 2843 750 2886 vitiosa
782 2842 965 2886 lectione
999 2844 1127 2886 πόνων
1160 2859 1238 2900 pro
1270 2848 1446 2888 πολλῶν.

153 2977 223 3034 79,
259 2978 299 3020 3.
333 2979 414 3026 ‘stc
447 2975 582 3024 ἄδικος
613 2976 812 3028 τελέθεις,
840 2978 987 3028 ”Aper
1021 2974 1062 3024 ὅς
1096 2978 1140 3028 γ’
1174 2978 1211 3019 ἐν
1246 2978 1415 3031 ἑαυτῷ
1449 2979 1596 3032 κάρτος

339 3061 560 3113 κρείττοσιν
594 3061 636 3103 οὐ
670 3059 893 3115 παρέχεις,
927 3063 1009 3107 πῶς
1044 3059 1186 3113 ἑτέροις
1221 3061 1422 3117 δικάσεις;
