2138 3580
889 315 944 356 59

284 459 288 464 ·
334 447 439 496 χρῆν
469 442 555 496 γὰρ
590 441 658 484 ἐπ’
692 438 892 484 ὠδίνεσσιν
925 436 1036 491 ἔχειν
1067 436 1176 490 χέρα
1208 437 1294 481 κτὲ.

123 524 382 582 »operiebar
413 524 528 568 enim
560 524 606 567 in
639 521 854 566 doloribus
886 534 1061 563 manum
1092 519 1292 563 habere.’'

189 661 290 705 696.
334 662 436 707 Non
480 663 544 705 θεὴ
589 660 838 712 θεομνήστωρ
885 671 1074 700 »novum
1121 656 1428 708 vocabulum”,
1472 657 1546 699 sed
1587 670 1718 712 prava

125 745 266 788 forma
307 759 386 802 pro
428 744 681 797 θεομήστωρ,
723 744 772 784 ut
804 740 968 784 librarii
1000 754 1078 796 pro
1112 739 1440 792 Κλυταιμήστρα
1474 739 1584 782 male
1615 738 1718 781 seri-

127 827 226 870 bere
258 826 400 870 solent
429 825 796 878 Κλυταιμνήστρα.
829 823 949 866 Idem
982 821 1096 864 valet
1126 821 1177 863 de
1211 821 1465 877 ταλαίφρων,
1504 821 1539 863 si
1566 819 1648 864 hoc
1673 834 1718 863 re

131 922 230 952 vera
260 907 420 964 legitur
450 908 496 951 in
527 907 692 964 lapide,
726 905 840 949 dicio
871 918 949 960 pro
982 903 1240 956 ταλαίφρων.

193 1045 295 1090 698.
342 1045 438 1089 Hoc
469 1047 732 1102 epigramma
763 1046 828 1087 est
859 1045 936 1086 auh
968 1042 1138 1085 maioris
1167 1040 1374 1098 epitaphii
1404 1040 1718 1097 fragmentum,

129 1129 205 1174 aut
243 1127 342 1184 alii,
382 1128 428 1170 in
471 1141 556 1184 quo
587 1127 639 1170 de
672 1127 841 1169 morbuo
875 1124 1105 1181 agebatur,
1141 1123 1426 1179 subscriptum
1459 1123 1554 1165 fuit.
1602 1121 1719 1165 Hinc

126 1209 281 1266 incipit
310 1224 336 1252 a
366 1207 532 1252 verbis:
566 1209 615 1252 Εἰ
650 1207 701 1250 δὲ
734 1207 962 1261 τολμήσει,
995 1220 1103 1261 quae
1134 1205 1347 1261 scriptura
1379 1218 1466 1247 non
1499 1205 1564 1246 est
1595 1203 1721 1246 metri

129 1305 256 1335 causa
287 1289 569 1333 sollicifianda.
606 1287 671 1333 Of.
706 1289 760 1331 ad
794 1287 881 1340 ΙΙΙ,
914 1287 1016 1331 285.

187 1429 288 1474 699.
337 1427 480 1473 Παῒδοὶ
512 1444 566 1479 με
599 1427 805 1477 πενταέτή
839 1426 960 1478 ὀλίγη
995 1425 1204 1479 ἕκρύψατο
1237 1424 1411 1478 κρωσσὸς

402 1509 628 1568 α’]λλίστου
661 1508 827 1562 ταχέως
861 1507 1109 1551 οὶντιοὶσαντ’
1143 1507 1310 1551 Ἀΐδεω·

341 1590 506 1650 οὔ]νομα
539 1590 573 1634 δ’
609 1591 680 1647 [εἰ]
717 1589 877 1646 δίζηαι,
911 1590 963 1633 ἐνὶ
998 1590 1254 1644 πρώτοισι
1286 1590 1422 1639 Μένης
1459 1586 1533 1646 [ἦν.

130 1674 242 1718 Puer
280 1673 568 1731 quinquennia
611 1686 699 1715 non
742 1672 883 1728 potuib
925 1686 1014 1715 esse
1044 1674 1152 1715 inter
1180 1673 1342 1730 primos
1355 1703 1365 1723 ,
1397 1673 1440 1714 eb
1472 1685 1599 1713 sensu
1631 1684 1722 1712 cas-

131 1771 225 1800 sum
258 1758 336 1807 est,
371 1754 485 1812 quod
517 1754 647 1797 vertit
679 1752 876 1810 Cougny‚
909 1756 953 1797 in
975 1756 1130 1812 primis
1156 1754 1406 1812 temporibus
1421 1785 1431 1805 ,
1463 1755 1512 1794 ut
1524 1754 1575 1794 de
1589 1751 1722 1794 Grae-

130 1837 260 1881 citate
291 1839 469 1880 taceam.
503 1834 813 1892 Corrigendum
846 1835 899 1878 ε’νὶ
934 1834 1177 1892 [ζ]ωοῒσι
1212 1835 1347 1885 Μένής
1383 1831 1440 1884 ἦν.
1460 1834 1526 1879 cf.
1548 1834 1658 1889 718,
1679 1835 1721 1877 3.

128 1920 212 1965 ΠΙ.
249 1919 358 1973 153,
393 1919 449 1962 al.
883 1927 886 1930 ’

193 2057 292 2113 702,
327 2057 369 2102 2.
709 2082 764 2089 —
797 2056 892 2110 οὐχὶ
926 2055 962 2099 δ’
996 2056 1083 2107 ἐμοὶ
1117 2056 1160 2099 δὲ
1193 2056 1327 2107 μόνον.

129 2137 194 2184 Cf.
228 2154 338 2197 quae
368 2140 517 2197 scripsi
551 2140 711 2183 Mnem.
750 2138 892 2190 1882,
928 2138 1030 2181 391.

193 2277 292 2328 703,
339 2277 377 2320 1.
423 2275 598 2331 ἄτροπον
641 2276 751 2320 male
795 2276 935 2319 editur
976 2291 1054 2333 pro
1098 2275 1272 2329 οὶτροπόν
1309 2291 1356 2314 z
1390 2276 1588 2330 οξτραπόν.
1623 2275 1723 2320 Vid.

131 2355 297 2403 Kaibel.
356 2357 553 2402 Ceterum
602 2359 713 2401 sitne
761 2358 937 2411 ἀτροπός
985 2358 1122 2401 forma
1171 2357 1366 2414 sequior,
1418 2373 1472 2400 an
1529 2357 1727 2414 lapidarii

133 2440 322 2494 σφάλμα
363 2440 549 2496 ambigo,
595 2463 650 2472 -—
686 2439 736 2482 In
774 2440 885 2495 709,
923 2442 946 2483 7
982 2454 1058 2496 pro
1093 2445 1264 2492 yousoi‘m
1299 2455 1323 2482 a
1354 2439 1550 2482 Kaibelio
1583 2439 1725 2495 accipe

132 2521 312 2573 γονέεσσι
347 2524 390 2565 et
418 2520 466 2564 in
500 2522 612 2573 710,
647 2523 672 2565 3
710 2523 963 2575 αὐχούμενον
996 2537 1073 2578 pro
1106 2520 1352 2572 αὐξούμενον
1386 2537 1411 2564 a
1442 2521 1595 2565 Keilio.
1644 2520 1725 2564 Sed

130 2602 205 2647 ubi
235 2602 473 2646 annotandi
506 2603 605 2647 finis
637 2606 768 2654 esset,
803 2604 838 2647 si
872 2603 1023 2647 vellem
1058 2618 1205 2647 omnes
1237 2619 1358 2647 veras
1389 2603 1616 2655 lectiones,
1649 2618 1723 2646 ne-

129 2683 290 2742 glectas
323 2685 378 2728 ab
411 2685 573 2728 editore
605 2685 826 2737 Parisino,
861 2688 1108 2729 recensere?

136 2817 237 2870 707,
271 2817 310 2860 5.
1010 2821 1136 2873 σοφὸς
1173 2819 1437 2871 Ἡρακλείδης

351 2899 506 2951 μιμοὶδι
538 2901 752 2954 Βασσίλλή
785 2900 940 2950 στήλην
973 2900 1061 2944 θέτο
1092 2901 1284 2953 βιολόγος
1318 2903 1430 2955 φώς·

350 2974 372 3029 ἢ
405 2980 450 3030 δὴ
482 2981 551 3024 καὶ
587 2982 699 3029 νέκυς
735 2979 834 3025 οὖσα
867 2981 956 3032 ἴσην
989 2983 1113 3034 βίου
1148 2981 1283 3037 ἔλαχε
1318 2984 1465 3035 τιμήν,

412 3063 601 3115 μουσικὸν
634 3065 690 3112 εἰς
726 3063 900 3108 δάπεδον
931 3064 1038 3116 σῶμ’
1072 3066 1417 3117 ἀναπαυσαμένή.
