2138 3580
899 338 954 380 19

127 461 425 518 Acquiescitur
467 475 619 517 parum
664 460 876 516 probabili
918 459 1127 502 Brunckii
1170 459 1410 502 sententiae
1427 491 1438 511 ‚
1480 459 1625 509 θεσμός
1660 459 1730 502 hic

127 542 369 598 significare
411 542 630 593 βκσιλεύς.
673 541 829 584 Nescio
875 555 931 582 an
964 541 1109 596 potius
1142 540 1281 583 subsit
1315 541 1393 582 aut
1423 539 1622 596 lapidarii
1657 542 1732 582 aut

96 637 101 642 ·
125 623 404 667 describentis
436 637 554 666 error
584 625 628 665 et
660 622 818 666 fuerit:

868 704 937 746 τὸν
969 701 1013 746 εὖ
1046 704 1238 752 ἕνοήσοιτο
1271 703 1474 755 θεσμο[ῖ]ς

309 785 543 837 πειθόμενον
574 785 792 838 σκήπτροις
829 786 901 838 [τ’]
936 786 1023 827 αἰὲν
1055 785 1307 838 ἀκηρασίοις.

125 953 227 1006 347,
246 954 286 996 4.
303 958 381 996 τῶν
413 954 556 1005 γενεὴν
586 953 726 1004 βίοτόν
759 955 798 995 τ’
832 951 1070 1004 αὕξνισεν
1104 951 1367 1005 ἅπημοσύνῃ.

118 1036 226 1079 Tam
257 1035 424 1078 numeri
454 1049 586 1091 quam
618 1035 833 1077 sententia
865 1035 1089 1090 postulant
1123 1034 1227 1085 αὔξ·
1237 1049 1296 1076 οι.
1325 1033 1483 1076 Iisdem
1512 1035 1565 1076 de
1583 1034 1727 1076 causis

121 1114 232 1168 269,
268 1116 297 1159 4
327 1115 613 1172 supplendum
645 1116 860 1159 arbitror:

305 1194 368 1244 οὓς
401 1196 558 1240 ἐσάωσε
591 1196 695 1249 θεός,
727 1194 794 1240 ὅτε
827 1196 1086 1250 βούβρωστις
1120 1197 1235 1240 κατὰ
1269 1203 1401 1248 γαῖαν

307 1278 576 1332 σαρκοβόρος,
610 1278 714 1327 δεινή
747 1294 794 1320 τε
827 1278 949 1332 Φόνον
980 1277 1178 1331 βρίθουσοέ
1214 1277 1286 1331 [τ’]
1322 1277 1502 1320 ἄλυκτον

307 1360 459 1412 κόσμον
492 1359 696 1414 ε’πέσχεθε
729 1360 887 1402 πάντα.

126 1529 230 1582 348,
247 1531 288 1574 8.
306 1527 392 1580 εἴμ’
425 1529 546 1583 ἱερηὶς
582 1529 662 1580 ἐγὼ
696 1528 988 1577 Ἀσκληπίαις·
1023 1529 1068 1570 ἐκ
1099 1528 1141 1570 δὲ
1175 1528 1329 1578 τοκήων

308 1611 463 1664 πατρὸς
497 1611 769 1662 Ἐῢκτιμένου
805 1609 1125 1658 Ἀσκληπιάδεια
1159 1610 1438 1661 γενέσθην.

124 1692 246 1736 Licet
277 1693 506 1735 admodum
537 1693 721 1735 recentis
756 1692 907 1735 aetatis
941 1693 996 1734 sit
1023 1691 1092 1734 hic
1121 1691 1298 1746 titulus,
1328 1692 1452 1734 valde
1481 1692 1626 1733 tamen
1645 1692 1725 1732 du-

123 1774 214 1818 bito
248 1775 300 1817 de
330 1774 469 1817 forma
500 1774 617 1817 duali
649 1777 855 1830 usurpata
887 1788 965 1830 pro
1000 1773 1214 1824 ἐγενόμην.
1249 1772 1346 1815 Nisi
1378 1773 1548 1828 egregie
1574 1772 1725 1822 fallor,

122 1856 234 1912 lapis
274 1855 406 1898 habet
437 1857 513 1898 ant
543 1858 657 1898 certe
691 1855 892 1898 carminis
925 1857 1077 1897 auctor
1108 1854 1246 1896 voluit
1279 1855 1510 1907 γεν[ή]θην,
1544 1854 1726 1896 formam

123 1936 391 1993 sequioribus
420 1936 758 1979 usitatissimam.

107 2093 230 2158 359,
249 2094 291 2137 4.
309 2093 483 2147 μάρτυρι
518 2093 731 2147 Σεργίῳ
764 2093 1023 2146 περικαλλέα
1058 2094 1146 2142 νηὸν
1179 2093 1386 2141 ὀπάσσαις.

123 2175 247 2219 Nihil
299 2189 407 2231 opus
459 2189 555 2217 cum
603 2174 764 2217 editore
808 2189 1082 2217 numerorum
1129 2189 1256 2217 causa
1298 2189 1503 2230 reponere
1543 2173 1726 2217 formam

123 2257 353 2313 pessimam
398 2255 591 2310 Σεργείῳ.
636 2254 748 2298 Nam
791 2256 838 2297 in
874 2256 1123 2298 nominibus
1154 2255 1339 2311 propriis
1372 2270 1498 2298 omne
1529 2255 1728 2298 licentiae

123 2352 260 2395 genus
300 2338 662 2394 epigrammatum
705 2338 973 2392 conditores,
1019 2338 1147 2380 etiam
1181 2338 1468 2393 antiquiores,
1501 2338 1727 2379 admittere

124 2421 289 2463 certum
319 2421 396 2462 est.
430 2418 517 2461 Vix
548 2419 782 2474 quidquam
814 2419 986 2474 gravius
1013 2419 1059 2460 in
1087 2419 1168 2461 hoc
1197 2433 1352 2475 genere
1368 2420 1580 2475 reperitur
1597 2434 1723 2475 quam

123 2501 240 2556 quod
271 2499 430 2556 legitur
462 2499 483 2543 Ι
515 2499 601 2542 281
618 2531 629 2550 ,
665 2499 718 2542 2:

309 2582 478 2624 Κόϊντον
512 2581 677 2624 Ἰούλιον
710 2581 898 2631 Μίλητον
930 2582 963 2624 οἱ
997 2586 1191 2634 τεχνῖται
1224 2582 1451 2633 ἀνέθηκαν,

122 2662 171 2705 in
211 2676 297 2719 quo
329 2662 536 2705 versiculo
567 2663 657 2705 sola
688 2663 773 2705 duo
805 2663 939 2706 triave
975 2662 1127 2704 ultima
1159 2663 1370 2705 vocabula
1402 2663 1527 2705 metri
1559 2663 1726 2719 legibus

121 2746 290 2801 parent.
324 2743 439 2787 Hinc
468 2758 637 2800 quoque
668 2744 962 2800 intellegitur,
997 2759 1074 2787 cur
1107 2745 1152 2787 II
1186 2745 1298 2797 406,
1333 2746 1361 2787 4
1393 2745 1494 2787 ferri
1526 2745 1662 2800 possit

308 2829 478 2877 τιμῶσιν
510 2826 579 2867 τὸν
613 2825 704 2881 σόν,
737 2831 1119 2878 Μαρκελλῖνε,
1155 2826 1361 2878 τάφον,

123 2905 200 2948 ubi
230 2908 346 2949 certa
376 2906 637 2962 pentametri
668 2906 738 2948 lex
771 2906 977 2958 violatur,
1012 2908 1128 2963 quod
1159 2907 1272 2949 idem
1305 2907 1356 2948 fit
1381 2906 1426 2949 II
1457 2907 1568 2959 189,
1587 2922 1647 2950 vs.
1671 2908 1726 2949 19

124 2985 302 3042 (Add.),
334 2987 410 3042 qui
440 2987 498 3029 sic
532 2987 807 3029 scribendus:

310 3065 412 3116 εἶδός
445 3085 492 3111 τε
527 3069 726 3119 ἠγάθεον,
765 3069 1096 3123 Ἀρέσκουσαε
1133 3070 1277 3119 κλυτή.
