2138 3580
1188 362 1244 404 66

434 485 531 539 176,
566 485 606 526 4.
1310 486 1360 530 ὡς
1393 484 1481 526 τάδε
1514 484 1698 536 γράμμα

640 563 836 616 ἀτρεκέως
870 562 1022 614 ἤλεγξε
1059 564 1207 620 [σοφῶν
1241 565 1387 623 φρένα]
1423 566 1620 614 μηκέτι
1652 566 1869 614 πυκνήν.

428 645 644 692 Incertum
674 644 840 700 quidem
857 676 867 695 ‚
901 644 972 687 sed
1003 658 1091 686 non
1121 644 1313 699 ineptum
1346 646 1409 687 est
1439 645 1519 687 hoe
1552 645 1708 688 Piceoli
1729 645 1997 702 supplemen-

428 729 532 767 tum.
562 725 782 768 Obieetum
809 727 919 766 certe
945 725 1179 766 sententiae
1204 725 1378 767 fuerunt
1407 726 1672 768 ethnicorum
1696 740 1878 778 errores,
1895 740 2001 782 quos

429 807 596 848 Aeneae
642 805 795 848 Gozaei
836 805 942 847 liber
973 806 1200 860 redarguit.
1236 805 1316 848 Sed
1348 806 1552 861 quidquid
1585 806 1763 858 excidit,
1794 821 1842 849 eo
1874 821 2000 850 sensu

430 903 533 930 sana
566 901 652 929 esse
684 888 902 942 nequeunt
936 886 1060 928 verba
1091 887 1237 937 μηκέτι
1272 888 1444 935 πυκνήν,
1478 887 1556 929 sub
1583 887 1733 942 quibus
1761 887 1890 930 latere
1911 902 2004 930 sus-

430 970 546 1024 picor
577 967 764 1018 μήτιδι
800 974 984 1020 πυκνῇ,
1111 956 1114 957 ⁷

495 1136 590 1177 177.
639 1135 686 1177 Ei
721 1137 777 1184 μὴ
809 1134 990 1187 γράμμα
1027 1133 1243 1180 Πλάτωνος
1279 1135 1378 1183 ἐμὴν
1411 1134 1602 1183 ἐπέδησεν
1634 1135 1775 1186 ἐρωήν,

639 1216 708 1263 ἤδη
743 1216 938 1267 λυγρὸν
971 1214 1099 1256 ἔλυσα
1133 1215 1225 1265 βίου
1260 1215 1490 1264 πολυκηδέα
1523 1216 1680 1266 δεσμόν.

428 1297 480 1339 In
523 1297 602 1338 hoe
646 1296 938 1352 Olympiodori
979 1296 1025 1337 in
1067 1295 1336 1338 Phaedonem
1379 1297 1681 1352 epigrammate
1723 1298 1998 1353 depravatum

429 1381 492 1420 est
522 1379 691 1430 λυγρόν,
725 1392 802 1433 pro
834 1392 917 1433 quo
951 1376 1176 1419 infeliciter
1208 1377 1354 1428 λυγρὸς
1389 1378 1569 1421 coniecit
1600 1377 1792 1434 Cougny.
1842 1378 1996 1435 Requi-

430 1461 538 1502 ritur
569 1461 681 1503 enim
714 1452 1077 1511 λυγροῦ-βίοι).
1731 1437 1733 1442 ¹

433 1627 530 1676 178,
565 1626 604 1668 5.
632 1626 810 1677 ’Ὄλβιον
853 1625 912 1667 ἂν
957 1626 1046 1668 τόδε
1079 1627 1234 1677 ῥεῦμα,
1271 1625 1338 1666 καὶ
1371 1624 1534 1666 ἔσσεται
1569 1624 1658 1666 ἀντὶ
1693 1626 1884 1678 τροπαίου
1916 1626 2001 1668 mr.

432 1707 522 1749 Imo
561 1722 660 1750 vero
690 1708 773 1758 ἂρ,
810 1709 881 1749 sed
914 1720 1058 1749 vereor
1090 1721 1142 1747 ne
1174 1708 1371 1761 typorum
1404 1705 1591 1758 σφάλμα
1623 1706 1854 1761 corrigam,
1886 1708 2000 1762 quod

431 1769 541 1830 idem
583 1788 695 1829 valet
736 1789 786 1828 de
826 1788 958 1842 epigr.
1002 1787 1113 1837 317,
1157 1789 1182 1829 4
1226 1786 1299 1827 ubi
1339 1787 1619 1841 supplendum
1659 1786 1854 1838 Ἰορδάνης
1889 1787 1996 1839 (δὲ)

431 1869 606 1922 δεσπότῃ
653 1868 900 1920 καλουμένῳ.
950 1867 1051 1909 Mox
1102 1867 1212 1917 180,
1260 1867 1286 1908 2
1333 1865 1399 1908 ναὶ
1447 1867 1511 1917 μα
1552 1881 1628 1922 pro
1670 1867 1738 1909 καὶ
1783 1867 1847 1917 μοὶ
1883 1869 1998 1910 certa

430 1951 493 1991 est
524 1949 679 1991 Pieeoli
710 1948 926 1991 eorrectio.

490 2117 589 2159 181.
621 2116 716 2159 Vox
747 2114 903 2166 ὀίω-μα,
938 2117 1156 2170 emcidium,
1193 2116 1311 2156 deest
1332 2115 1578 2164 Thesauro,
1614 2128 1690 2156 nee
1723 2114 1999 2169 probabiliter

426 2180 655 2241 formatum
699 2201 762 2240 est
803 2212 879 2253 pro
922 2198 1129 2246 ἀίστωμα.
1174 2196 1367 2239 Fortasse
1409 2196 1518 2238 fuit:
1566 2197 1808 2244 Σιμπλίκιος
1851 2195 2001 2248 μέγα

430 2286 579 2331 πῆμα
614 2284 708 2335 (pro
741 2280 839 2329 μέγ’
874 2278 1025 2330 ἄισμα)
1059 2280 1343 2329 κατηγορίαισι
1376 2278 1556 2329 Φαοένθη.
1590 2275 1655 2319 Cf.
1690 2279 1835 2321 annot.

495 2437 593 2487 183,
627 2437 667 2478 4.
696 2434 972 2490 8ηρρ16εὰφ’
992 2433 1036 2476 οὗ
1053 2435 1270 2487 προσῆλθεν
1290 2434 1385 2486 ἡλίῳ
1405 2434 1524 2486 (τῷ)
1543 2437 1761 2485 παμφαεῖ.
1784 2432 1866 2475 Vit.
1887 2433 2001 2488 typ.‘?

431 2592 529 2642 185,
564 2592 604 2634 5.
637 2592 785 2639 θήκατο
818 2591 849 2632 δ’
882 2591 988 2632 ἄλλο
1022 2591 1233 2646 Φέριστον,
1269 2589 1503 2640 ἁλιτρονόων
1537 2588 1652 2639 μόθον
1685 2587 1853 2640 εἴργων,

628 2673 783 2724 ,χαλκῷ
816 2670 1030 2723 ἐπιζεύξας
1064 2671 1185 2713 τάσδ’
1220 2671 1432 2722 ἐπίπροσθε
1467 2671 1598 2722 θύρας.

485 2752 604 2795 Sitne
650 2751 767 2804 θύρας
806 2751 1138 2806 intellegendum
1182 2751 1232 2794 de
1275 2750 1423 2793 aerarii
1466 2750 1649 2799 foribus,
1692 2750 1740 2791 ut
1782 2747 1996 2801 ἄλιτρόνοοι

426 2834 511 2875 sint
541 2833 667 2882 fures,
699 2847 752 2874 an
785 2834 836 2874 de
868 2833 982 2874 urbis
1017 2835 1164 2887 portae
1196 2832 1349 2882 valvis,
1383 2845 1486 2886 quas
1518 2834 1667 2872 eontra
1698 2829 1884 2876 hostium
1912 2828 1998 2870 vim

426 2921 519 2955 aere
549 2913 779 2955 firmaverit
810 2913 844 2954 is
875 2912 920 2953 in
952 2912 1068 2954 euius
1099 2912 1303 2954 honorem
1335 2912 1404 2953 hie
1437 2911 1587 2952 titulus
1620 2909 1875 2965 compositus
1907 2910 1996 2959 est,

427 2994 562 3048 prima
603 2993 708 3035 faeie
748 2993 959 3048 ambigere
1000 2993 1146 3047 possis.
1191 2992 1283 3034 Hoc
1325 2995 1466 3034 tamen
1508 2992 1680 3046 propter
1721 2990 1837 3040 μόθον
1869 2989 1997 3044 longe

427 3073 687 3129 probabilius
719 3073 894 3115 videtur.
1534 3061 1541 3068 “
