2138 3580
922 319 978 359 53

156 439 261 493 634,
293 441 332 486 1.
367 441 421 484 Οἱ
454 441 580 486 διο-π)
613 440 880 493 συνόμαιμοι,
915 442 956 484 ἰὼ
989 439 1099 493 ξένε,
1136 440 1230 495 τῷδ’
1265 441 1340 484 ὑπὸ
1372 440 1522 494 τύμβῳ

427 521 638 576 ἄψαυστοι
671 522 870 566 τέκνων
902 523 1074 574 κείμεθα
1108 523 1319 576 κουριδίων.

150 602 235 648 Pro
262 602 410 648 τέκνων
441 604 739 661 eorrigendum
768 604 953 647 arbitror
985 604 1230 662 [λ]ε[χε’]ων.
1249 603 1361 648 Nam
1379 619 1516 660 neque
1534 602 1742 656 ἄψαυστοι

153 686 300 730 τέκνων
333 701 470 744 neque
500 686 648 731 τέκνων
682 687 882 741 κουριδίων
913 687 1046 743 probe
1079 687 1238 730 dictum
1275 687 1448 730 videtur.

214 844 327 897 635,
361 846 389 888 4
420 845 572 889 Kaibel
605 860 627 889 e
658 846 798 902 lapide
831 847 947 889 dedit
975 846 1013 893 ἐς
1044 845 1258 898 αἴθερον
1282 845 1459 902 εἴκελος,
1477 847 1549 889 sed
1564 845 1744 889 formam

149 925 432 970 heterocliton
475 926 625 980 αἷθερον
666 927 844 984 ignoro,
887 927 989 970 novi
1035 926 1091 969 αἵ
1103 929 1280 980 θεραν,
1324 928 1470 985 quales
1516 926 1746 971 accusativi

152 1006 313 1051 formae
354 1007 656 1052 Maeedonieae
698 1011 742 1051 et
782 1009 1100 1052 Alexandrinae
1152 1011 1291 1052 aetate
1334 1009 1578 1065 Byzantina
1619 1023 1743 1064 saepe

152 1092 394 1134 occurrunt.
427 1089 497 1134 Sic
527 1091 709 1145 xdpnoev
744 1091 950 1134 habemus
983 1106 1111 1148 supra
1145 1091 1254 1142 545,
1289 1091 1391 1133 alibi
1424 1091 1621 1146 λιμέναν,
1658 1107 1742 1133 ποι-

153 1171 297 1226 τέραν,
340 1188 557 1229 νεοτηταν,
599 1172 696 1216 alia.
743 1171 808 1216 Cf.
848 1173 1007 1216 Mnem.
1045 1172 1182 1230 1882,
1220 1174 1300 1216 391
1339 1175 1381 1215 61
1410 1173 1546 1216 Polak
1578 1173 1742 1217 Mnem.

155 1253 290 1310 188⁷,
322 1269 366 1311 p.
398 1253 486 1298 256
518 1269 581 1311 sq.

207 1335 275 1380 Ad
302 1335 433 1380 verba
454 1336 975 1390 τριπόδεσσι-τραπέζαις
995 1337 1047 1380 cf.
1068 1353 1106 1381 v,
1127 1353 1161 1380 o.
1181 1337 1403 1394 Aristoph.
1420 1337 1472 1379 fr.
1493 1337 1537 1380 Π
1559 1338 1694 1394 1160,
1718 1337 1743 1379 5

149 1416 318 1476 (Mein.)
349 1418 419 1462 καὶ
455 1418 572 1462 πόθεν
606 1420 686 1471 ἐγὼ
721 1419 884 1472 τρίπουν
918 1418 1129 1472 τράπεζαν
1163 1421 1378 1473 λήψομαι;

202 1583 316 1640 636,
350 1583 403 1627 11
438 1598 500 1640 sq.
903 1591 1033 1628 κοῖτον
1069 1585 1211 1639 χερσὶν
1244 1585 1367 1636 ἐμαῖς
1402 1591 1619 1636 κομιεῖν

539 1666 669 1710 δῶκαν
701 1667 917 1719 τιμήεντα.

145 1748 320 1793 Soloeea
351 1749 562 1806 scriptura
593 1764 671 1806 pro
704 1748 881 1803 κομίζειν
914 1749 980 1792 vel
1011 1749 1180 1800 κομίσαι
1207 1749 1385 1792 fortasse
1407 1763 1495 1791 non
1512 1748 1738 1791 tribuenda

145 1832 320 1889 poetae,
352 1831 426 1888 qui
458 1831 600 1875 neseio
632 1846 686 1875 an
720 1832 884 1875 dederit
916 1849 969 1875 κο
982 1832 1075 1889 μ[ὲ]
1091 1849 1132 1875 ει
1148 1849 1181 1876 ν.
1209 1831 1351 1874 Etiam
1380 1831 1536 1874 certius
1553 1831 1736 1886 videtur,

143 1913 301 1958 ibidem
333 1929 393 1957 vs.
430 1915 458 1958 3
488 1914 758 1958 scribendum
791 1929 906 1958 esse:

131 1983 134 1987 ²
349 1994 442 2050 ἄρτι
475 1995 518 2038 δέ
549 2011 634 2052 τοι,
668 1995 883 2050 παναωρε,
916 1997 1023 2050 χοὰς
1056 1996 1149 2050 χεί
1159 2013 1176 2039 ο
1192 2012 1293 2039 υσα
1326 1997 1407 2053 (Ξ
1439 1996 1496 2052 α’)
1529 1995 1739 2047 απόδημον

413 2078 586 2133 νυμφίον
620 2078 659 2120 ἐν
690 2077 904 2130 πελάγους
938 2076 1043 2122 εἶδον
1078 2078 1354 2133 ἐπερχόμενον

143 2172 222 2216 pro
262 2161 423 2203 ametro
468 2161 676 2214 χείουσαι,
727 2161 829 2216 quia
872 2160 1098 2204 manifeste
1138 2156 1264 2212 εἶδον,
1309 2162 1358 2202 ut
1401 2158 1553 2202 θάπτον
1586 2173 1647 2201 vs.
1685 2158 1737 2209 1,

143 2255 233 2285 non
265 2244 330 2285 est
359 2242 487 2285 tertia
518 2256 700 2299 persona
732 2242 935 2299 pluralis,
970 2243 1042 2285 sed
1075 2243 1215 2299 prima
1247 2242 1476 2298 singularis
1506 2241 1685 2285 numeri.

207 2407 308 2459 637,
329 2408 399 2454 10.
418 2408 572 2452 αὐτίκα
606 2409 641 2451 δ’
673 2407 904 2460 ηὐξανόμην
938 2408 1180 2464 εὐερνὴς,
1215 2411 1318 2451 πᾶσι
1353 2408 1539 2457 meina-64.

145 2489 458 2534 Adumbratum
502 2497 566 2535 est
607 2493 766 2546 εὐερνὴς
808 2507 859 2535 ex
901 2491 1129 2535 Homerico
1173 2492 1397 2544 ἀνέδραμεν
1440 2491 1541 2546 ἔρνεϊ
1580 2490 1662 2540 ἶσος
1701 2500 1733 2536 Σ

147 2572 215 2616 56.
262 2573 373 2626 437,
406 2573 520 2617 unde
553 2573 781 2630 Euripides
812 2573 917 2618 Hee.
951 2574 1008 2617 20
1042 2580 1259 2628 τροφαῖσιν
1290 2573 1339 2623 ὥς
1373 2591 1434 2622 τις
1470 2575 1636 2627 πτόρθος
1671 2577 1737 2624 ηὐ-

144 2653 272 2706 ξάμην
305 2653 457 2703 τάλας.
492 2654 668 2699 Scatent
701 2658 844 2699 autem
879 2657 1189 2713 epigrammata
1221 2656 1324 2699 loeis
1355 2657 1560 2712 expressis
1579 2672 1630 2700 ex
1645 2657 1738 2700 Ho—

146 2751 262 2780 mero
279 2769 289 2789 ‚
322 2751 447 2794 quem
480 2737 607 2781 etiam
641 2741 858 2782 extremae
890 2739 1043 2782 aetatis
1078 2738 1274 2782 Graeculi
1301 2739 1503 2782 memoria
1518 2740 1740 2783 tenebant.

146 2819 200 2862 In
240 2833 489 2876 praegresso
529 2834 654 2863 versu
696 2822 870 2863 notetur
910 2821 1091 2864 barbara
1134 2821 1269 2864 forma
1301 2820 1544 2873 εἱλοὲμενος,
1578 2822 1625 2864 in
1656 2837 1742 2879 qua

146 2900 230 2944 ista
270 2903 410 2944 aetate
440 2902 530 2944 sola
563 2901 863 2959 diphthongus
895 2903 1082 2946 offendit.
1117 2903 1299 2946 Videtur
1330 2906 1544 2960 poetaster
1576 2905 1737 2960 epicam

150 2981 264 3026 hane
307 2982 523 3026 licentiam
567 2984 852 3036 existimasse,
898 2985 1143 3042 postulante
1186 2988 1320 3029 metro
1365 3002 1491 3030 omne
1535 2993 1567 3030 E
1604 2988 1650 3030 in
1682 2994 1736 3030 El

148 3066 340 3110 converti
385 3081 522 3123 posse.
574 3067 648 3111 Vs.
702 3068 757 3111 12
800 3069 963 3124 placet,
1008 3070 1121 3125 quod
1162 3070 1247 3111 iam
1288 3071 1554 3126 propositum
1588 3071 1735 3127 video,
