2138 3580
1139 358 1194 400 30

374 479 539 520 darium
571 479 781 534 neglecta,
817 478 929 533 quod
962 477 1126 532 saepius
1152 478 1202 518 fit
1228 477 1273 518 in
1291 476 1448 532 titulis,
1469 475 1724 531 aspiratione
1740 475 1801 517 ita
1818 474 1950 530 serip-

375 559 475 601 sisse
507 572 584 614 pro
616 573 639 600 σ
655 559 672 599 θ
687 557 879 610 εναρόν,

375 733 476 785 218,
497 734 535 778 5.
555 729 594 781 ὃς
628 733 829 784 βασίλεια
864 734 957 780 Διὸς
992 727 1062 775 καὶ
1096 734 1133 775 ἐν
1167 732 1410 785 Ἡρακλέους
1443 732 1554 784 τρὶς
1590 731 1839 778 ἕνοὶθλοις

616 813 754 862 ἵπποις
787 814 951 862 νικήσας
987 814 1143 864 δώματ’
1175 813 1449 864 ἕπηγλοὲισεν.

373 895 486 951 Apte
516 895 669 938 Kaibel
700 894 889 950 reposuit
921 895 1034 946 τρὶς
1068 895 1308 945 ἀέθλοις,
1340 896 1413 936 sed
1444 893 1620 935 fortasse
1647 892 1784 934 lenius
1811 891 1957 934 eodem

373 991 498 1018 sensu
528 976 678 1031 reponi
707 978 848 1030 potest
878 981 1061 1027 τρισΙν
1095 973 1248 1017 ἄθλοι
1267 991 1285 1021 ς
1319 977 1366 1016 ut
1399 974 1454 1016 sit
1485 976 1529 1016 in
1556 975 1681 1016 ternis
1708 974 1816 1016 ludis
1839 972 1957 1016 Her-

374 1057 628 1099 culeensibus.

414 1231 515 1274 220.
551 1231 718 1274 Ἐνθοὶδε
750 1232 817 1273 τὸν
851 1231 1005 1285 πάσῃσι
1040 1231 1287 1281 κεκασμένον
1320 1231 1511 1282 ἀγλαΐησ
1526 1247 1561 1274 ιν

619 1309 703 1355 εἷλε
735 1312 953 1365 Φθόνος,
987 1312 1221 1355 δυνατῶν
1253 1312 1353 1362 μήτι
1387 1312 1472 1354 κτέ.

370 1393 538 1435 Invidia
570 1395 743 1435 deorum
774 1393 1005 1448 significari
1035 1393 1228 1444 videtur,
1262 1395 1310 1434 ut
1343 1393 1453 1447 222,
1489 1391 1539 1448 2;
1573 1392 1684 1443 464,
1715 1392 1740 1433 3
1769 1391 1812 1433 et
1841 1389 1958 1445 alibi;

372 1474 549 1516 δυνατῶν
577 1476 718 1515 autem
746 1474 797 1515 de
823 1473 910 1528 dis,
940 1473 1070 1529 vulgo
1099 1474 1320 1526 κρείττονες
1338 1473 1412 1529 qui
1429 1473 1630 1524 audiunt,
1650 1470 1956 1526 accipiendum.

378 1650 481 1699 222,
503 1651 541 1693 7.
562 1650 630 1691 καὶ
664 1650 784 1700 γνοὺς
817 1650 867 1697 ὡς
902 1650 1029 1691 θανοὶ
1043 1665 1097 1690 το
1112 1666 1122 1690 ι
1138 1665 1155 1691 o
1188 1650 1296 1691 οὐδὲν
1330 1649 1627 1700 γλυκερώτερον
1661 1649 1818 1699 αὐχοῖς.

374 1729 659 1773 Certissimam
689 1729 986 1771 Valckenaerii
1013 1729 1103 1784 (qui
1117 1729 1199 1784 ipsi
1216 1731 1279 1770 est
1299 1729 1599 1780 Walekenaar)
1617 1726 1955 1769 emendationem

375 1813 590 1858 θνατοῖς
636 1813 740 1867 (non
773 1813 942 1862 θνητοῖς)
974 1810 1173 1864 repudiat
1203 1810 1247 1851 in
1282 1809 1562 1851 annotatione
1594 1807 1796 1864 Gougny,
1832 1806 1954 1862 inep-

371 1892 532 1934 tissime
564 1892 780 1947 explicans
813 1891 925 1946 quod
957 1890 1171 1945 vulgatur.

375 2066 478 2119 226,
497 2067 730 2110 3.εἴκοσι
767 2071 866 2109 τῶν
899 2066 1113 2109 πάντων
1149 2064 1267 2108 ἐτέων
1303 2066 1377 2107 ὑπὸ
1411 2064 1511 2117 τῷδε
1543 2063 1774 2117 κέκρυμμαι

524 2148 526 2150 ’
556 2149 714 2199 σήματι
747 2149 834 2189 κτὲ.

373 2229 521 2271 Malim
554 2228 778 2271 εἴκοσιΝ
813 2229 862 2271 ὢν
898 2228 982 2269 mk.

434 2311 631 2352 Articulo
674 2311 784 2351 certe
824 2309 871 2350 in
913 2309 1031 2363 epieo
1070 2321 1261 2349 sermone
1302 2321 1407 2362 opus
1440 2320 1529 2347 non
1561 2307 1648 2356 est,
1681 2307 1723 2346 et
1753 2306 1858 2346 dura
1890 2305 1955 2345 est

373 2391 443 2432 hio
485 2390 699 2445 participii
740 2390 924 2431 omissio.
966 2388 1067 2431 Noli
1099 2388 1308 2443 requirere
1341 2387 1461 2428 εἴκοσ”
1495 2386 1587 2436 ἐών,
1622 2400 1718 2427 nam
1754 2384 1952 2439 frequens

373 2473 438 2513 est
464 2473 576 2526 apud
601 2471 776 2513 seriores
794 2470 1149 2525 epigrammatum
1165 2471 1312 2523 poetas
1329 2468 1573 2511 Atticarum
1590 2467 1820 2508 formarum
1837 2478 1950 2507 usus.

375 2647 477 2699 229,
496 2648 536 2689 9.
1121 2645 1329 2687 εὐοδεῖν
1361 2643 1412 2686 δέ
1444 2645 1487 2686 οἱ

555 2726 712 2770 nme&
744 2729 921 2778 Ὁμήρου
953 2727 1115 2777 δέλτον,
1148 2722 1196 2772 οἷς
1233 2726 1287 2767 ἐνὶ
1323 2731 1511 2778 πτυχαῖς
1563 2726 1566 2730 ’

554 2804 577 2849 δ’
603 2824 649 2849 τε
683 2807 905 2854 πλανάτας
939 2807 1024 2848 ἐστὶ
1059 2807 1239 2858 Λαρτίου
1273 2806 1387 2856 γόνος

556 2889 624 2929 καὶ
657 2892 774 2938 μῆνις
807 2887 1021 2929 Αἰακίδαο.

374 2970 441 3012 Ita
480 2969 674 3019 Boeokh,
718 2970 790 3010 sed
828 2968 956 3022 longe
994 2967 1144 3008 melius
1185 2981 1207 3008 e
1247 2966 1485 3007 litterarum
1529 2964 1719 3019 vestigiis
1762 2964 1814 3005 εὐ
1831 2963 1954 3004 δαεῒ

373 3049 453 3094 νοῒ
489 3050 599 3091 eruit
636 3049 880 3100 Hermann,
922 3049 991 3090 eui
1033 3050 1146 3089 reete
1187 3046 1340 3089 Kaibel
1384 3046 1608 3087 obsecutus
1658 3046 1735 3086 est.
1769 3043 1949 3086 Videtur
