2138 3580
946 315 1002 356 33

175 435 316 479 taedio
350 435 458 479 liber
489 435 595 479 fui.”
627 435 822 479 Fortasse
854 436 990 486 reete3
1023 450 1168 478 verum
1201 435 1262 477 ita
1295 434 1519 478 manifeste
1549 436 1768 493 corrigen-

174 517 274 562 dum
307 520 373 562 est
402 521 580 571 μοῦνοΝ.

233 661 365 707 2471)
401 662 574 720 (Add.),
610 661 650 704 5.
685 660 862 718 Expleri
893 662 1076 718 poterit:

350 744 470 788 Ναίω
504 743 539 786 δ’
571 745 643 787 οὐκ
675 742 919 797 Ἀχέροντος
954 743 1043 801 έ[π’
1079 743 1203 800 ᾐόσιν]
1240 742 1327 786 οὐδὲ
1359 743 1544 786 κελαινὸν

349 825 588 878 Τάρταρον,
622 825 722 868 ἀλλ’
755 823 879 873 οἴκους
913 823 1139 883 εὐσεβέ]ων
1173 824 1342 878 ἔλαχον.

163 905 236 950 Vs.
288 905 308 948 l
355 905 425 960 ἐφ’
457 920 535 962 pro
567 906 632 948 ἔπ’
663 906 711 948 in
742 906 884 962 lapide
915 920 1003 949 esse
1036 909 1196 962 potest,
1232 920 1356 963 saepe
1389 907 1503 949 enim
1539 906 1586 948 in
1620 906 1761 949 titulis

162 1001 358 1044 perverse
389 988 565 1044 ponitur
595 990 671 1031 aut
703 987 947 1044 neglegitur
980 988 1202 1044 aspiratio.
1237 988 1400 1031 Ibidem
1430 1003 1491 1032 vs.
1511 989 1562 1044 3,
1580 988 1655 1031 ubi
1671 990 1758 1031 est:

348 1070 597 1123 ἐκπρολιπῶν
629 1069 786 1123 ἄλοχόν
818 1086 864 1112 τε
898 1070 1106 1124 σαόφρονα
1138 1071 1209 1113 δεσ
1229 1102 1361 1114 .....

162 1151 209 1194 in
240 1153 444 1208 promptu
477 1154 541 1194 est
570 1151 768 1207 supplere
798 1151 1007 1208 δέσ[ποτιν
1041 1150 1177 1202 οἴκων,
1212 1152 1239 1194 i.
1273 1166 1308 1194 e.
1342 1151 1651 1195 οἰκοδέσποιναν.

161 1282 554 1338 254,7.α1ρετίσας
587 1285 628 1328 δὲ
661 1287 798 1339 πατὴρ
831 1290 986 1341 στοργᾷ
1020 1287 1189 1338 Φύσιν
1223 1287 1601 1340 ἐπροτέρησεν,

342 1366 579 1420 σχημάτιον
610 1366 761 1419 τύμβῳ
793 1369 916 1418 σῶμα
947 1368 1058 1411 λίθου
1090 1367 1266 1419 θέμενος.

157 1445 313 1490 Kaibel
343 1448 493 1491 »verbi
525 1453 729 1501 προτερεῖν
761 1450 975 1492 structura
1010 1463 1121 1492 nova
1154 1449 1366 1501 videturss’
1394 1449 1475 1493 Est
1503 1450 1654 1493 saltem
1682 1466 1751 1494 ra-

155 1527 345 1581 rissima,
388 1531 462 1572 sed
502 1530 688 1573 occurrit
731 1530 845 1586 apud
887 1530 1120 1587 Agathiam
1135 1564 1145 1583 ,
1195 1531 1357 1575 Histor.
1402 1546 1501 1588 pag.
1538 1532 1594 1576 95
1629 1535 1752 1586 extr„

155 1611 270 1653 unde
302 1610 470 1654 notavit
501 1611 544 1653 in
582 1610 799 1654 Thesauro
832 1612 1029 1655 Dindorf.

218 1691 461 1735 Pharnaces
506 1691 755 1749 Sinopensis
798 1694 1073 1750 paedotriba,
1120 1698 1168 1737 ut
1209 1698 1344 1738 artem
1388 1710 1508 1738 suam
1541 1700 1750 1740 exerceret

155 1773 441 1831 virtutemque
472 1777 728 1827 ostentaret,
761 1777 814 1818 ad
848 1776 1111 1818 occidentem
1146 1776 1362 1832 profectus
1395 1777 1543 1833 procul
1570 1779 1750 1835 apatria

156 1858 250 1899 erat
280 1859 486 1901 mortuus.
521 1857 629 1900 Inde
659 1857 821 1900 factum
853 1861 901 1901 ut
933 1873 1020 1900 non
1055 1859 1171 1901 domi
1203 1859 1394 1915 sepultus
1426 1859 1502 1916 sit,
1538 1862 1610 1903 sed
1627 1863 1749 1917 pater

153 1938 242 1982 eius
273 1938 429 1982 dieitur
458 1939 635 1995 elegisse
666 1940 913 1996 (αἱρετίσαο)
944 1941 1216 1996 gymnasium
1245 1940 1503 1998 Sinopense,
1529 1941 1604 1984 ubi
1620 1957 1746 1986 eeno-

152 2019 349 2078 taphium
382 2019 460 2063 filii
490 2023 683 2076 poneret.
719 2021 794 2066 Vn.
830 2022 882 2065 5:

263 2150 266 2152 ,
335 2101 399 2145 Οὐ
431 2102 587 2146 κάλπιν
619 2102 787 2156 κρύπτει
821 2108 878 2156 γῆ
911 2106 1128 2157 Βοσπορίς,
1165 2105 1252 2148 οὐδὲ
1287 2104 1454 2156 λέληθεν

332 2184 562 2236 γυμνάσιον
594 2188 745 2239 κωφοῖς
781 2185 947 2238 δάκρυσι
982 2186 1217 2238 μυρόμενον.

149 2264 178 2308 i.
211 2267 257 2308 et
297 2266 524 2309 manifesto
566 2267 767 2310 inanibus
813 2267 998 2311 lacrimis
1024 2269 1210 2326 .(utpote
1243 2270 1295 2312 ad
1329 2270 1458 2313 inane
1490 2270 1745 2327 sepulerum)

149 2349 419 2406 gymnasium
449 2349 667 2406 perfusum
700 2352 776 2394 est.
812 2350 974 2393 Morem
1003 2351 1267 2394 athletarum
1299 2366 1396 2395 ossa
1427 2352 1475 2394 in
1510 2352 1744 2408 gymnasiis

151 2430 363 2472 condendi
402 2432 584 2474 testatur
626 2431 753 2474 etiam
785 2432 936 2474 titulus
969 2432 1081 2484 262,
1117 2433 1190 2476 ubi
1222 2448 1282 2478 vs,
1320 2434 1346 2475 3
1379 2448 1441 2490 sq.
1476 2436 1527 2476 de
1559 2433 1743 2491 Dialogo

149 2509 314 2554 athleta
343 2511 522 2555 dieitur:

331 2591 502 2637 Ἐνθοέδε
536 2593 758 2646 Διαλόγοιο
793 2595 1014 2648 σαόφρονος
1048 2596 1172 2639 ὀστέα
1207 2596 1337 2639 κεύθει

332 2675 526 2727 γυμνάς,
560 2669 601 2724 ὃς
632 2677 748 2729 ἀμφ’
781 2678 927 2730 ἀρετὴν
959 2676 1109 2721 ἔπλετο
1143 2678 1212 2721 καὶ
1248 2679 1410 2732 σοφίην.

149 2806 252 2859 255,
272 2806 313 2851 5.
330 2810 484 2861 λυγρὴν
517 2807 551 2850 δ’
584 2805 694 2860 οἶμον
728 2808 827 2861 ἔβην
860 2811 978 2854 ἐτέων
1010 2811 1196 2864 κύρσασα
1231 2811 1288 2860 δὶς
1330 2811 1458 2870 [ἑπτα

331 2889 547 2942 παρθένος,
580 2885 600 2932 ἓ
610 2907 629 2932 ν
661 2891 695 2933 δ’
729 2890 884 2945 ἔλαχον
917 2898 1034 2944 σῆμα
1066 2893 1149 2936 τόδ’
1185 2894 1275 2936 ἀντὶ
1310 2894 1466 2946 γάμου.

146 2969 192 3014 Si
232 2976 416 3024 ΕΝΔΕ,
459 2986 548 3015 non
593 2979 731 3024 ΗΔΕ,
775 2974 885 3030 lapis
916 2974 1068 3032 habet,
1102 2975 1240 3018 voluit
1270 2978 1419 3032 poeta,
1454 2976 1592 3019 »nihil
1624 2977 1740 3020 aliud

145 3055 312 3109 praeter
340 3052 424 3096 hoe
460 3057 784 3097 monumentum
817 3070 894 3111 pro
927 3056 1088 3112 nuptiis
1121 3058 1272 3100 sortita
1305 3058 1443 3103 sum.''

1524 3141 1543 3172 3
