2138 3580
942 335 1024 378 107

163 462 335 507 Primus
375 463 441 506 ed.
483 456 748 504 Kumanides
789 458 835 500 in
868 456 1066 509 ἈθηναιΙῳ
1098 454 1204 499 VIII
1239 455 1279 498 1.
1316 453 1504 496 Litterae
1536 453 1639 495 sunt
1670 465 1767 507 per-

163 544 368 601 antiquae
415 543 487 594 47,
531 556 712 598 quorum
757 538 812 582 35
845 539 990 595 priora
1021 537 1248 580 continent
1279 536 1573 578 hexametrum
1604 533 1767 576 hunce:

350 620 391 672 ὃς
423 627 491 667 νῦν
524 625 731 677 ὀρχηστῶν
765 620 930 663 πάντων
965 621 1229 662 &mmmm
1265 616 1419 670 παίζει.

163 705 346 762 Reliqua
374 705 429 748 12
456 704 595 747 iudice
625 701 891 746 Kirchhoffio
919 701 1186 743 Kumanides
1212 699 1322 741 male
1348 698 1456 754 legit
1480 700 1622 739 τοῦτον
1649 694 1770 738 ἔκαυ-

164 802 250 831 αεν.
294 785 448 831 Certae
489 787 592 829 sunt
632 786 816 841 quatuor
855 783 1019 839 primae
1061 787 1252 837 TOTO‚
1284 780 1438 836 quinta
1471 793 1553 823 sec.
1587 776 1768 820 Kirchh.

164 867 250 911 fuit
281 874 318 911 Δ
333 899 344 920 ,
379 869 499 911 sexta
529 868 575 910 et
605 865 788 922 septima
818 870 852 907 E
887 866 929 906 et
963 869 1012 914 K,
1046 862 1235 919 reliquae
1267 862 1469 904 incertae.

869 998 1076 1043 XXVIII.

228 1115 377 1160 Mitth.
409 1114 473 1158 XI
505 1115 577 1157 99.
610 1112 841 1156 Arcesinae
866 1112 913 1153 in
942 1113 1129 1166 Amorgo
1162 1109 1317 1152 insula.
1347 1107 1517 1151 Titulus
1546 1107 1656 1150 med.
1686 1121 1767 1150 sec.

167 1197 232 1241 VI
264 1212 303 1240 a.
338 1195 439 1241 Chr.
473 1195 623 1238 Edidit
654 1193 911 1238 Duemmler.

348 1278 546 1329 Ἀηρσίων
582 1276 815 1328 Ξενοκρίτης
848 1280 995 1326 μνῆμα
1031 1272 1215 1321 ἔστησεν.

120 1354 125 1359 ’
167 1357 325 1402 Versus
370 1371 460 1400 non
506 1357 646 1399 bonus
694 1370 795 1398 sane
843 1354 976 1397 videri
1022 1355 1166 1410 potest
1209 1352 1540 1406 choliambicus;
1575 1353 1770 1404 Ἀηρσίων

167 1437 382 1493 (Ἀερσίων
395 1439 434 1494 Ρ)
461 1451 621 1480 novum
655 1451 827 1478 nomen.
862 1435 1118 1477 Pedestrene
1150 1449 1205 1476 an
1233 1433 1457 1475 metricum
1477 1447 1565 1475 esse
1585 1433 1772 1475 voluerit

165 1522 316 1564 auctor
358 1518 555 1562 similiter
599 1517 792 1573 ambigas
831 1516 947 1558 aliud
981 1516 1166 1557 eiusdem
1201 1515 1286 1557 fere
1319 1514 1471 1556 aetatis
1503 1513 1769 1570 epitaphium

165 1601 324 1644 ibidem
351 1602 592 1657 repertum,
621 1599 740 1642 cuius
764 1598 931 1640 incerta
957 1598 1168 1653 scriptura
1194 1596 1349 1639 haece:
1379 1595 1601 1649 Στάφυλις
1621 1601 1770 1647 μνῆμαι

167 1681 335 1732 ἔστησεν
365 1681 372 1739 Ι
400 1681 569 1735 ἀδελφῇ
601 1682 810 1723 'Annaea
844 1678 957 1722 Nam
984 1681 1170 1734 quatuor
1192 1677 1345 1720 ultima
1372 1676 1582 1719 vocabula
1610 1691 1768 1720 conve-

170 1763 300 1807 niunt
327 1763 575 1806 hexametro
608 1776 759 1818 parum
792 1775 894 1803 sane
926 1773 1174 1809 numerose,
1210 1761 1254 1800 et
1285 1771 1488 1813 magnam
1520 1757 1769 1800 nominibus

165 1844 350 1902 propriis
391 1843 570 1887 concedi
601 1841 727 1885 metri
759 1841 979 1884 licentiam
1011 1840 1058 1883 in
1091 1840 1247 1895 vulgus
1281 1840 1464 1881 constat.
1499 1837 1589 1881 Nec
1623 1841 1767 1880 tamen

162 1926 300 1970 solum
343 1937 500 1968 nomen
544 1923 710 1967 duobus
754 1922 933 1979 pedibus
979 1921 1229 1965 sufficiebat.
1281 1919 1420 1970 Quare
1448 1933 1647 1962 numeros
1679 1918 1767 1961 for-

161 2006 296 2050 tuitos
331 2021 420 2050 esse
451 2005 590 2049 eredo.

898 2139 1059 2184 XXIX.

225 2245 373 2290 Mitth.
417 2244 458 2288 V
503 2243 588 2288 123
615 2258 679 2300 sq.
729 2242 1063 2299 Inscriptionem
1113 2241 1334 2284 metricam
1383 2240 1494 2282 male
1542 2238 1701 2282 editam
1745 2254 1770 2281 a

165 2326 410 2370 Kumanide
435 2325 480 2368 in
510 2325 710 2377 Ἀθηναίῳ
737 2324 822 2367 VII
850 2324 937 2367 285
956 2339 1018 2379 sq.
1048 2323 1108 2365 sic
1134 2337 1157 2365 e
1181 2322 1325 2378 lapide
1351 2321 1543 2364 restituit
1560 2320 1771 2364 Schmidt.

353 2405 522 2450 ’Bredas
553 2411 672 2456 σῆμα
705 2407 799 2461 θεᾷς
834 2409 901 2458 (=
921 2405 1010 2460 θεᾷ)
1044 2405 1182 2455 ἀνδρὸς
1217 2406 1345 2457 σοφοῦ
1379 2404 1666 2456 Εὐτυχιανοῦ,

407 2485 449 2535 ὃς
483 2491 656 2531 Μουσῶν
692 2488 823 2540 δώροις
856 2486 960 2540 ἔσχε
996 2486 1120 2538 λόγον
1154 2486 1350 2538 Χαρίτων,

891 2623 1039 2666 XXX.

221 2726 388 2770 Ibidem
431 2741 476 2783 p.
514 2725 613 2770 124.
660 2725 779 2768 Idem
814 2725 1010 2768 Schmidt
1043 2724 1182 2767 denuo
1217 2725 1412 2766 tractans
1443 2722 1769 2778 inscriptionem

163 2808 216 2850 de
259 2807 436 2850 tibicine
478 2807 635 2850 editam
680 2806 792 2850 Bull.
835 2806 887 2848 de
927 2804 974 2850 O.
1010 2805 1063 2849 H.
1110 2805 1177 2848 III
1211 2805 1298 2848 447
1346 2820 1389 2847 n.
1430 2804 1452 2846 7
1488 2807 1530 2846 et
1563 2803 1588 2846 5
1622 2817 1767 2846 versus

166 2889 359 2945 integros
391 2901 436 2931 se
468 2887 530 2931 sic
563 2888 718 2944 legisse
749 2887 956 2930 affirmat:

290 2969 317 3012 6
350 2965 474 3016 οὕτως
507 2969 596 3019 ἐνῆς
631 2969 671 3011 ἐν
703 2970 758 3022 τῷ
792 2967 911 3020 μέλει
946 2967 1084 3011 πολλὰ
1119 2966 1309 3021 <poio-tc.

351 3055 455 3098 τοῖος
490 3050 525 3093 δ’
559 3051 630 3093 ἐὼν
663 3050 822 3103 ἄείρωτ’
858 3050 906 3100 ἐγ
943 3051 1010 3106 (=
1030 3050 1093 3107 ἐκ)
1126 3051 1300 3092 Μουσᾶν
1333 3048 1408 3100 ἐμὲ
