2138 3580
913 294 967 336 55

148 419 336 464 Peflnime
378 418 563 477 Oougny
593 420 712 463 dedit
739 419 917 475 ῥᾷστά
949 435 1014 470 με
1049 417 1268 468 κλαύσας,
1303 430 1403 459 nam
1434 429 1572 471 neque
1604 417 1740 470 ῥᾷστα

151 503 218 545 est
246 501 540 553 lubentissime,
574 515 712 557 neque
743 515 792 544 ea
821 501 915 557 ipsa
947 499 1067 542 notio
1099 501 1201 555 apta
1228 500 1303 541 est.
1336 497 1487 540 Melius
1514 511 1616 539 sane
1641 496 1741 540 Kai-

149 582 220 626 bel
250 583 320 627 καὶ
353 582 404 626 σύ
434 599 514 635 με,
546 596 626 626 nec
658 585 804 625 tamen
837 583 948 633 tale,
982 583 1097 638 quod
1130 581 1235 623 mihi
1266 594 1440 636 prorsus
1473 579 1741 635 persuadeat3

148 665 221 709 sed
252 665 403 709 melius
434 679 521 708 non
551 665 730 721 reperio.
764 663 837 707 Vs,
878 667 927 707 11
966 664 1064 721 πρ[ὸ
1096 663 1270 719 wuda-w
1305 661 1552 718 ἀρτ[ιφ]υὴς
1583 658 1746 704 zomon:

149 745 340 790 Ioculare
383 749 448 790 est
478 747 593 803 quod
625 744 808 802 Gougny
839 745 970 788 vertit
1002 760 1135 788 recens
1166 753 1312 798 natus,
1349 758 1445 786 cum
1475 743 1646 786 deberet
1676 758 1741 785 re-

149 843 239 872 cem
279 829 461 873 adultus.
503 828 617 872 Nam
661 827 912 879 defunctus,
957 828 1009 870 de
1042 842 1127 883 quo
1160 827 1242 869 hoc
1274 826 1530 869 adiecffivum
1563 839 1742 881 usurpa-

146 912 242 967 tur,
274 912 401 954 modo
433 911 512 967 (νε.
548 910 592 964 6)
625 909 766 962 κουρέα
802 924 846 953 se
877 911 950 959 τὴν
983 909 1133 962 τέχνην
1169 908 1298 950 fuisse
1330 907 1544 963 professus
1576 909 1652 949 est.
1688 932 1741 939 —

147 989 297 1034 Eidem
346 991 459 1044 659,
508 991 534 1034 6
582 989 720 1034 τωῦτα
769 991 862 1048 (sic)
910 991 1025 1034 valet
1071 993 1272 1033 τοσαῦτα.
1323 989 1479 1032 Veram
1516 989 1743 1032 lectionem

149 1073 310 1126 αὐτὰρ
342 1073 424 1127 ἐγὼ
458 1073 552 1124 sev-3,
590 1075 805 1129 repertam
836 1088 862 1115 a
893 1073 1105 1129 Jacobsio,
1140 1071 1300 1128 recepit
1331 1070 1498 1113 Kaibel.

148 1241 252 1296 658,
287 1242 330 1287 2.
362 1242 722 1300 Χρυσ[ε]ο’μοιλλον
755 1243 979 1298 ῥητιοὲριον,
1013 1243 1100 1286 τὸν
1131 1242 1254 1296 πρὶν
1287 1242 1328 1285 δὲ
1362 1239 1592 1297 κυ[ν]ηγόν.

147 1324 203 1368 In
251 1325 434 1382 pessimo
477 1325 727 1382 apographo
772 1325 874 1383 (vid.
918 1324 1073 1369 Kaibel
1117 1341 1159 1381 p.
1206 1324 1310 1380 138)
1354 1323 1565 1379 corrigere
1608 1322 1740 1365 audeo

142 1407 200 1450 τὸ
231 1404 366 1460 πρὶν.

147 1575 250 1628 664,
289 1575 329 1618 6.
366 1575 554 1630 Χαίροις,
605 1576 723 1619 ἐσθλὲ
755 1576 897 1619 ὁδῖται·
930 1579 1105 1628 σοφῶς
1138 1590 1217 1617 σοι
1251 1574 1382 1625 μοὲνυε
1414 1573 1542 1624 τιμὰν

355 1657 604 1706 Πλούτωνος.
639 1658 724 1700 m.

144 1738 390 1782 Absurdam
446 1739 559 1783 hanc
608 1754 728 1783 suam
776 1739 1065 1782 coniecturam
1111 1738 1320 1795 praetulit
1365 1738 1547 1794 Gougny
1595 1740 1735 1780 certae

142 1820 428 1865 Heimsoethii
474 1822 791 1874 emendationi,
838 1821 913 1878 qui
959 1821 1114 1878 lapidis
1159 1821 1415 1877 scripturam
1463 1825 1734 1863 ΣΟΦΩΝΟΙ

138 1902 382 1960 significare
413 1904 526 1958 σοφῷ
560 1903 621 1947 νοΐ
647 1903 874 1947 intellexit.
910 1902 1010 1947 Non
1043 1903 1200 1946 rectius
1231 1918 1291 1946 vs.
1328 1903 1355 1945 9
1399 1902 1523 1946 Ἔστι
1557 1919 1587 1954 y
1602 1919 1630 1944 οι
1663 1901 1733 1945 καὶ

139 1985 180 2028 ἐν
211 1983 420 2036 Φθιμένοις
456 1985 638 2037 Νέμεσις
673 1985 792 2037 μέγα
831 1985 977 2028 omisit
1007 1999 1095 2028 non
1128 1984 1390 2028 intellectam
1424 1985 1505 2028 sibi
1539 1985 1734 2028 voculam

139 2083 226 2120 yn,
261 2080 391 2124 quam
421 2067 620 2124 poetulus
651 2066 805 2110 Dorice
835 2067 1028 2123 scripsit,
1066 2069 1112 2109 ut
1141 2082 1201 2109 vs.
1238 2067 1264 2109 6
1296 2067 1414 2109 dedit
1443 2067 1576 2119 μάνυε
1604 2069 1648 2109 et
1674 2082 1735 2111 νε.

142 2149 170 2192 3
200 2148 489 2206 βαρυπονθάς,
525 2148 820 2191 oblitteratum
854 2149 908 2191 ab
940 2149 1124 2205 editore,
1162 2147 1270 2191 nihil
1302 2149 1416 2191 enim
1449 2151 1568 2192 vetat
1600 2149 1668 2191 καὶ
1698 2149 1737 2190 ἐν

142 2231 418 2288 pronuntiari
458 2232 549 2275 κοὶν.
599 2230 798 2275 Ceterum
840 2231 994 2274 Kaibel
1038 2231 1160 2288 (num
1200 2245 1251 2273 ex
1283 2231 1368 2274 alio
1405 2231 1655 2288 apographo
1669 2233 1735 2287 ⁴?)‚

143 2328 232 2357 non
274 2313 438 2357 monito
469 2313 626 2357 lectore
657 2316 809 2357 contra
839 2329 1037 2357 numeros
1070 2315 1187 2357 dedit
1218 2314 1317 2367 γάρ.
1366 2313 1559 2370 Denique
1592 2314 1738 2370 inepte

145 2393 327 2452 Gougny
357 2395 418 2439 sic
450 2395 620 2452 scripsit
654 2395 853 2438 ultimum
886 2411 1079 2439 versum:

363 2476 439 2535 [μὴ
473 2476 604 2535 νοέων]
643 2477 805 2529 τύμβον
838 2478 957 2520 ἀλλ’
991 2477 1013 2528 ἢ
1048 2478 1171 2529 ἐμοῦ
1204 2477 1353 2531 πάριθι.

142 2559 420 2616 posteaquam
451 2557 606 2602 Kaibel
637 2559 739 2601 satis
770 2558 1049 2615 probabiliter
1081 2559 1235 2602 edidit:

355 2641 429 2694 [μὴ
465 2665 518 2673 -
558 2643 630 2696 -]
662 2640 849 2692 τύμβον,
882 2641 1003 2683 ἀλλ’
1036 2641 1307 2693 ἀναγνοὺς
1343 2640 1492 2694 πάριθι.

145 2721 372 2766 Sententia
403 2722 580 2766 suadet:

361 2805 439 2862 [μὴ
475 2803 605 2861 σύλα]
641 2804 831 2856 τύμβον,
865 2804 948 2848 κτὲ.

147 2960 251 3014 667,
285 2961 325 3004 5.
359 2957 479 3010 ὅσος
511 2957 619 3009 οἷος
654 2967 849 3013 μνημεῖον
883 2963 1061 3005 ἐτέλεσε.

151 3041 262 3092 Quid
296 3042 435 3086 lateat
465 3043 544 3086 sub
579 3049 870 3087 OCOCOIOZ
904 3044 1018 3087 haud
1050 3044 1173 3088 facile
1203 3044 1355 3101 aliquis
1383 3045 1559 3096 dixerit,
1586 3047 1658 3087 sed
1675 3045 1741 3087 fu-
