2138 3580
1177 340 1232 382 54

414 464 754 520 supplementum
796 462 981 513 διδύμους
1024 461 1112 515 περ)
1158 460 1381 518 [νεφρούς].
1425 460 1534 511 Quid
1576 462 1717 503 autem
1758 459 1838 503 sibi
1868 460 1986 512 vult,

415 547 528 602 quod
574 546 621 588 in
664 545 814 587 ultimo
853 559 974 588 versu
1017 543 1241 587 defunctus
1280 557 1384 599 puer
1417 542 1518 585 dicit
1549 557 1593 584 se
1623 544 1709 585 tres
1739 541 1984 593 συναίμονοις

414 626 730 679 ἀστεφανώτους
773 625 1026 680 reliquisse?
1073 622 1193 673 Quod
1239 610 1367 666 &ertit
1413 621 1592 678 Cougny
1607 653 1618 673 ‚
1670 622 1819 666 relictis
1858 622 1988 666 tribus

414 709 621 764 yar-manis
677 722 758 750 non
817 708 1043 757 coronatis,
1090 719 1179 748 non
1229 703 1448 760 intellego.
1494 703 1668 755 Voluit,
1715 703 1798 746 nisi
1842 703 1990 755 fallor,

418 791 566 845 poeta:
600 789 805 831 sororibus
836 789 1037 845 innuptis.
1083 786 1146 829 De
1178 799 1430 829 coronarum
1461 784 1715 840 nuptialium
1746 799 1825 828 usu
1855 783 1907 828 of.
1938 782 1991 828 E.

419 870 575 914 Saeuo
612 871 659 912 in
693 869 977 913 Dictionnaire
1008 870 1075 912 des
1107 869 1340 925 Antiquitds
1379 865 1576 924 Grecques
1607 875 1645 910 et
1674 867 1893 911 Romainee
1907 895 1919 918 ‚
1949 865 1990 909 X

420 953 519 995 fase.
552 965 649 1008 pag.
687 951 798 995 1527
832 966 893 1007 sq.

481 1094 581 1144 640,
615 1094 655 1136 4.
683 1092 781 1137 Non
799 1093 1027 1149 respondet
1043 1091 1215 1134 lectioni
1233 1090 1470 1133 annotatio.
1488 1089 1570 1133 Sed
1587 1089 1640 1134 cf.
1658 1087 1810 1132 Kaibel
1826 1103 1868 1145 p.
1889 1088 2004 1133 121.-

482 1230 582 1272 646.
615 1229 763 1285 Longe
794 1229 949 1273 rectius
981 1222 1112 1271 edidit
1141 1226 1293 1270 Kaibel
1324 1230 1384 1279 (n.
1419 1224 1548 1282 522),
1582 1239 1763 1281 quocum
1787 1225 1834 1267 in
1850 1224 1995 1268 multis

422 1312 643 1368 conspirat
673 1326 832 1354 novum
866 1310 1162 1354 Mordtmanni
1193 1308 1486 1365 apographum
1518 1306 1719 1350 Mittheil.
1747 1305 1878 1359 XIV,
1898 1306 1996 1357 193,

423 1394 494 1436 sed
521 1393 602 1437 hoe
628 1408 688 1436 vs.
720 1394 745 1436 3
773 1393 903 1435 habet
929 1391 1225 1447 πανύστατμ]
1255 1390 1408 1442 βαίνω,
1437 1404 1497 1431 vs.
1526 1389 1553 1431 4
1570 1388 1725 1441 βροτοῖς
1743 1385 1997 1447 ΦιλΙο[ι]σιν,

426 1490 487 1518 vs.
532 1475 558 1517 5
602 1473 863 1526 συμποσίοις,
906 1488 967 1516 vs.
1013 1474 1039 1516 6
1073 1474 1111 1520 ἐς
1144 1471 1308 1527 φιλίην,
1343 1485 1403 1513 vs.
1439 1470 1463 1512 7
1496 1468 1676 1521 γυναῖκ’,
1709 1483 1769 1513 vs.
1804 1469 1830 1512 8
1862 1468 2000 1511 λοιπὸν

427 1557 658 1612 ἀπῃτήθην,
709 1571 768 1598 vs.
817 1555 843 1597 9
892 1555 1006 1598 ἄλλοι
1051 1554 1083 1598 δ’
1127 1553 1327 1609 ἔνορκίζω,
1371 1567 1433 1595 vs,
1481 1552 1534 1594 10
1576 1552 1790 1602 ἱκνοῦμαι,
1822 1564 2000 1607 quarum

426 1638 656 1681 lectionum
691 1652 769 1693 ope
802 1638 1073 1692 persanatum
1112 1637 1175 1678 est
1206 1636 1344 1677 totum
1377 1633 1659 1690 epigramma,
1694 1633 1806 1688 quod
1837 1629 2003 1675 Mordt-

428 1735 559 1763 mann
593 1719 716 1761 alteri
747 1733 788 1774 p.
822 1716 868 1761 G.
904 1718 1042 1759 seculo
1075 1717 1277 1772 assignat.
1348 1730 1353 1734 ·

493 1851 592 1906 650,
628 1851 668 1894 4.
703 1849 845 1892 Lectio
879 1848 1104 1891 admodum
1136 1848 1312 1891 ineerta.
1345 1846 1412 1890 Of.
1442 1845 1594 1888 Kaibel
1625 1860 1665 1902 p.
1707 1845 1803 1889 136.

488 1987 589 2030 654.
621 1985 896 2041 Epigramma
938 1986 1120 2040 quatuor
1152 1983 1426 2034 hexametris,
1458 1996 1544 2024 uno
1571 1982 1835 2038 pentametro
1866 1980 2000 2023 inter-

434 2069 589 2125 posito,
624 2068 823 2110 constans
855 2066 935 2108 hoc
967 2079 1090 2108 versu
1122 2064 1293 2107 finitur:

615 2148 800 2196 σπεύσας
833 2151 902 2190 τοῦ
936 2147 1006 2201 ζῆν
1038 2163 1093 2198 με
1123 2147 1337 2199 arepto-0⁶13
1374 2146 1417 2188 οὐ
1451 2145 1510 2187 σοὶ
1544 2143 1697 2191 πάντες
1730 2142 2004 2198 ὀφειλόμεθως

435 2231 518 2275 Suo
559 2233 693 2273 marte
735 2228 939 2284 Cougny,
981 2227 1173 2283 quamvis
1205 2226 1371 2269 nullum
1404 2226 1460 2268 sit
1489 2226 1534 2267 in
1565 2224 1704 2280 lapide
1735 2224 1822 2267 eius
1851 2224 1912 2267 rei
1941 2224 2009 2267 in-

436 2314 615 2364 dicium,
656 2311 783 2354 verba
823 2309 1204 2363 οὐ-ὂφειλόμεθικς
1251 2308 1296 2349 in
1339 2321 1450 2349 nova
1484 2306 1596 2348 linea
1626 2305 1791 2362 posuit,
1825 2306 1875 2347 ut
1904 2305 2008 2348 duo-

436 2410 530 2437 rum
572 2395 658 2436 sint
699 2407 895 2435 versuum
937 2391 1200 2446 fragmenta,
1236 2389 1348 2444 quod
1383 2389 1470 2430 sive
1501 2390 1648 2443 poetae
1680 2386 1890 2442 imperitia
1921 2386 2009 2429 sive

439 2475 662 2531 sculptoris
703 2473 867 2515 incuria
898 2471 1069 2514 mutilos
1102 2469 1352 2512 exhibuerit.
1382 2468 1488 2518 Quia
1520 2469 1663 2509 tamen
1695 2466 1805 2509 nihil
1836 2469 2009 2510 senten-

438 2558 522 2599 tiae
564 2557 702 2606 deest,
744 2555 884 2610 potius
927 2553 1049 2595 eredo
1095 2566 1250 2594 novum
1294 2551 1373 2592 hoe
1415 2564 1502 2592 esse
1533 2548 1732 2591 versifieis
1763 2548 1986 2591 artificium
2002 2579 2012 2599 ,

438 2652 604 2680 versum
650 2636 962 2692 heptametrum
1010 2633 1260 2690 pangentis,
1312 2627 1415 2687 qui‚‘
1458 2632 1507 2672 ut
1553 2631 1816 2686 pentameter
1845 2629 2009 2672 duobus

438 2718 636 2761 membris
690 2715 1024 2772 semiquinariis‚
1082 2715 1143 2756 ita
1201 2713 1363 2755 duobus
1423 2710 1775 2766 semiseptenariis
1821 2710 2008 2761 constet,

441 2814 619 2856 quorum
651 2799 732 2841 hoe
763 2798 954 2840 schema:

891 2871 1563 2911 L-L-Lu.,LnL-.‘ee.'m,:.‘-

442 2980 543 3031 657,
576 2981 615 3023 4.
649 2979 682 3021 εἶ
716 2978 756 3020 δὲ
788 2977 924 3027 μαθὼν
958 2978 1025 3020 τὸν
1057 2975 1152 3026 ἐμὸν
1185 2971 1321 3026 μόρον,
1356 2970 1383 3014 ὦ
1415 2970 1527 3022 ξένε,
1565 2974 1772 3013 PA.TME
1795 2967 2012 3019 κλαύσας,

655 3059 817 3112 στέρξω.
852 3058 935 3100 κτὲ.
